3050 4913
370 372 383 383 .
468 315 559 379 4⁰

1234 331 1308 382 A.
1355 330 1604 382 Pssnslt
1656 292 1918 380 ruico!

472 473 749 554 Pellere,
781 476 940 561 quin
968 476 1268 561 tepidum
1295 478 1426 543 hoc
1454 484 1648 561 optes
1674 478 1929 558 audire,
1965 481 2411 544 nncun'rnn'l

559 576 694 641 Fur
721 598 814 656 ea,
846 581 939 643 ait
968 579 1199 645 Pedio.
1292 581 1545 645 Pedius
1574 581 1738 665 quid
1757 584 1787 645 ‘t
1841 583 2115 647 crimina
2139 582 2314 646 rasis

476 677 710 743 Librat
738 682 805 744 in
834 683 1203 749 antithetis:
1254 684 1487 748 doctas
1516 687 1825 767 posuisse
1852 685 2097 766 figuras

472 779 851 848 Laudatur:
904 785 1149 849 bellum
1177 788 1342 851 hoc:
1393 788 1519 850 hoc
1549 788 1838 851 bellum?
1884 806 1991 864 an,
2027 786 2337 865 Romule,
2363 784 2612 851 ceres?

469 899 726 961 periculam
748 916 777 948 α
798 902 952 964 capite
969 903 1091 965 albo,
1108 906 1201 952 im
1219 907 1379 968 cupias
1398 904 1914 966 mmuaraefrigiduns
1933 904 2052 954 atad
2069 904 2301 965 verbum,
2320 898 2684 953 eausam?

473 963 649 1013 Proedo
678 980 744 1024 es,
778 966 931 1029 inquit
955 969 1102 1017 Pedio
1123 978 1411 1021 accusator.
1477 970 1661 1034 Ecquid
1684 970 1868 1018 Pedias
1902 969 2220 1033 respondet?
2290 966 2689 1017 Crindaafioaen

475 1029 697 1090 expendit
733 1030 786 1078 ia
828 1033 1140 1082 antithesibus
1184 1035 1364 1097 politis.
1434 1035 1644 1083 Erudita
1684 1035 1949 1083 adhibuisse
1987 1034 2242 1091 schemata,
2289 1032 2418 1081 laudi
2460 1031 2681 1081 vertitur.

475 1091 737 1143 Putem,-
756 1094 889 1144 iuna.
954 1098 1102 1160 ιιιιια,
1120 1098 1214 1161 ais,
1228 1100 1479 1163 puteana
1497 1102 1615 1149 est?
1647 1100 1893 1164 Nun-quid
1913 1101 2115 1163 empne»-
2130 1099 2359 1160 ωιιισει,
2382 1112 2415 1147 o
2434 1091 2685 1151 Rau-et

2588 581 2681 647 85

1398 1209 1514 1228 0000
1522 1209 1548 1226 Ι
1553 1208 1694 1227 ΟΟΟΝ
1700 1209 1755 1227 00

474 1253 667 1305 center?
700 1255 941 1319 placebat
961 1259 1136 1321 legere
1158 1261 1409 1324 trepidam,
1450 1260 1586 1325 qnod
1624 1260 1839 1309 verbum
1865 1266 1944 1309 est
1967 1259 2174 1309 Horatii
2208 1266 2263 1309 et
2297 1256 2501 1308 Persii:
2576 1270 2686 1305 ror-

478 1333 565 1368 ans
605 1319 680 1369 ita
713 1320 906 1371 dietum
932 1325 1180 1387 superins.
1216 1327 1429 1386 ingentes
1449 1325 1690 1388 trepidare
1732 1325 1891 1374 Titos.-
1925 1325 2012 1401 qui
2048 1326 2190 1373 locus
2226 1323 2380 1372 valde
2411 1336 2510 1371 con
2552 1320 2688 1370 rmat

473 1390 704 1433 nostram
743 1388 1171 1438 emendationem.
1238 1389 1413 1454 Atque
1449 1391 1581 1439 hanc
1624 1390 1904 1439 lectionem
1948 1390 2238 1438 invenimus
2277 1393 2579 1436 annotatam
2627 1384 2684 1434 in

479 1460 583 1498 nno
622 1463 800 1499 eornm
839 1459 1074 1502 veterum
1099 1453 1353 1515 codicum,
1401 1470 1529 1518 quos
1565 1470 1595 1502 a
1631 1455 1914 1503 clarissimo
1937 1454 2227 1514 Bongarsio
2250 1451 2464 1515 accepi:
2505 1463 2688 1499 verum

480 1519 657 1563 tamen
679 1524 733 1564 ct
775 1516 906 1566 liber
944 1518 1048 1580 ille,
1085 1526 1139 1567 et
1162 1526 1352 1568 cetera·
1377 1533 1552 1568 omnes
1580 1519 1911 1580 membranas,
1948 1518 2133 1583 quibus
2157 1518 2235 1566 usi
2259 1531 2452 1578 snmus,
2473 1527 2691 1565 consen-

480 1579 620 1628 tiunt
641 1593 758 1629 cum
781 1582 1029 1644 vulgatis:
1054 1583 1260 1633 videtur
1282 1584 1436 1633 etiam
1457 1584 1698 1633 Sidonius
1738 1582 2058 1646 Apollinaris
2082 1583 2219 1632 hunc
2243 1583 2411 1631 locum
2437 1579 2688 1640 imitatus,

478 1650 724 1719 itt-saepe
757 1646 914 1723 alio-s,
944 1662 1060 1696 cum
1107 1648 1295 1726 scribit
1336 1649 1388 1697 in
1434 1648 1666 1725 Epistola
1706 1648 1769 1696 ad
1811 1648 2132 1724 Faustum-l.
2174 1659 2254 1695 tx.
2287 1646 2582 1722 {Quaenam
2603 1649 2691 1692 est

479 1719 1583 1842 {xxxma‘matzatztzssgffssess'ss
1617 1712 1883 1827 {Jzfisszffiz
1917 1712 2693 1839 23.33·3ffl²{50222321222

480 1836 779 1898 mediocria,
802 1854 897 1890 nec
922 1842 1098 1904 primae
1123 1855 1290 1903 notae;
1339 1843 1414 1891 ita
1448 1842 1534 1890 hic
1577 1841 1693 1905 capi
1727 1857 1788 1889 ea
1833 1856 1936 1889 vox
1974 1846 2180 1905 potest:
2218 1845 2274 1887 ut
2294 1838 2361 1887 sit
2383 1838 2547 1886 andire
2569 1835 2694 1899 tepi-

481 1904 593 1951 dam
635 1905 851 1954 decenter
890 1906 1023 1954 velle
1064 1907 1260 1955 landari
1295 1907 1378 1955 vel
1423 1906 1630 1956 modica
1669 1906 1981 1955 laudatione.
2054 1906 2241 1968 Tepere,
2252 1903 2462 1965 fervere,
2480 1902 2694 1963 ,li-igere,

482 1963 796 2028 frigefacere
815 1970 888 2018 sic
913 1985 1051 2032 saepe
1070 1977 1402 2035 usurpantur.
1452 1971 1717 2020 casaubon.
1764 1969 2018 2035 Equidem
2042 1970 2213 2017 malim
2229 1967 2466 2030 trepidans
2480 1966 2654 2028 legere
2675 1980 2691 2025 ς

485 2030 563 2080 ita
600 2038 659 2080 ut
694 2035 931 2095 trepidum
978 2036 1196 2083 decenter
1251 2034 1512 2099 significet
1546 2035 1952 2084 acclamationes
2002 2033 2262 2082 hominum
2303 2029 2696 2095 trepidantium,

484 2096 795 2207 patronique
837 2098 1141 2160 orationem,
1189 2099 1255 2148 ad
1298 2113 1413 2148 suas
1446 2114 1597 2148 aures
1635 2098 1994 2163 compositam,
2019 2113 2199 2161 parum
2224 2096 2554 2146 continenter
2574 2107 2695 2143 cnm

507 2160 684 2208 aetitiae
708 2161 1081 2224 significatione
1102 2164 1489 2227 excipientium.
1559 2164 1960 2225 Koeaigias.—85
1997 2162 2178 2212 Malim
2204 2162 2381 2210 doctas.
2403 2158 2696 2220 Juvenalis,

470 2224 503 2253 ·‘
527 2222 714 2275 doctus
769 2234 1006 2290 spectare
1046 2228 1291 2278 lacunar.'
1350 2228 1775 2278 (lambam—8⁷
1827 2228 1998 2277 bellum
2036 2229 2141 2289 hoc,
2182 2225 2267 2276 Ιιοο
2308 2223 2513 2277 bellans?
2556 2222 2699 2273 Edit.

1475 2316 1697 2368 NOTAE

551 2396 615 2443 84
651 2393 779 2451 Quin
799 2395 1031 2461 tepidam]
1088 2397 1258 2447 Etiam
1290 2412 1407 2447 cnm
1430 2412 1548 2447 reus

488 2471 672 2536 capitis
695 2472 929 2536 periculo
960 2473 1257 2523 liberandus
1292 2473 1550 2523 oratione-

489 2561 588 2611 que
625 2546 787 2598 solida
821 2547 1193 2613 defendendus,
1226 2558 1406 2613 captas
1443 2552 1551 2599 lau·

488 2623 607 2675 dem
631 2640 660 2674 e
685 2624 823 2676 futili
844 2627 1119 2677 verborum
1138 2628 1375 2690 aucupio,
1397 2643 1552 2693 quam

486 2703 662 2765 potius
699 2718 821 2752 vera
864 2704 1160 2769 eloquentia
1196 2719 1430 2769 quaerere
1464 2705 1554 2754 de-

394 2826 405 2834 ,
488 2776 659 2829 beres.

554 2859 616 2905 85
652 2855 827 2919 Pedio]
877 2857 1073 2908 Pedius
1112 2858 1298 2908 Blesus
1335 2858 1429 2909 sub
1450 2858 1554 2908 Ne-

490 2945 657 2980 ronea
676 2932 1056 2996 Cyrenensibus
1079 2943 1353 2985 accusatus
1368 2942 1450 2985 est
1464 2951 1552 2985 ex·

490 3007 678 3073 pilasse
707 3011 955 3075 templum
997 3011 1295 3077 AEsculapii.
1344 3011 1551 3062 Cornel.

488 3085 663 3139 Tacit.
686 3088 874 3139 Annal.
897 3090 931 3138 1.
952 3105 1067 3141 xiv.
1100 3092 1473 3154 damnatusque
1496 3095 1554 3142 et

489 3163 688 3217 Senatu
728 3173 900 3216 motus
946 3175 1044 3217 est.
1102 3168 1325 3218 Ponitur
1347 3167 1429 3217 hic
1458 3182 1553 3231 pro

492 3239 724 3305 quolibet
763 3242 984 3294 Romani
1025 3243 1124 3295 fori
1147 3253 1353 3296 oratore
1376 3250 1431 3294 et
1462 3259 1554 3308 pa·

491 3322 663 3368 trono.

558 3391 734 3446 Pedias
753 3393 891 3460 qaid]
948 3395 1014 3446 Id
1048 3402 1145 3457 est,
1186 3395 1308 3461 quid
1346 3410 1555 3459 respon-

491 3469 601 3536 det,
624 3489 726 3538 qna
748 3475 948 3523 ratione
971 3479 1205 3523 removet
1234 3472 1434 3521 illatum
1456 3471 1558 3521 sibi

490 3549 748 3614 sacrilegii
771 3550 964 3599 crimen
978 3549 997 3599 i

558 3623 729 3689 Rasis]
762 3624 828 3675 Id
862 3631 962 3689 est,
985 3625 1161 3689 politis
1186 3631 1240 3676 et
1262 3624 1560 3675 elaboratis.

495 3701 715 3754 Quintil.
740 3717 817 3751 rx.
838 3707 888 3752 3.
914 3702 968 3752 in
990 3703 1104 3766 ipso
1121 3701 1241 3752 fine.
1275 3702 1290 3728 ‘
1309 3702 1412 3752 Ubi
1435 3717 1561 3752 vero

428 3831 433 3840 ⁸
492 3777 790 3841 atrocitate,
830 3779 1041 3841 invidia,
1082 3779 1412 3829 miseratione
1437 3793 1562 3844 pug-

493 3854 719 3903 nandum
748 3862 845 3919 est,
872 3856 985 3920 quis
1009 3854 1149 3906 ferat
1171 3855 1562 3920 contrapositis,

494 3937 550 3979 et
573 3929 768 3993 pariter
787 3931 1109 3995 cadentibus,
1122 3938 1177 3979 et
1187 3930 1562 3992 consimilibus,

495 3999 827 4069 irascentem,
848 4005 1078 4068 flentem,
1100 4008 1400 4069 rogantem?
1430 4006 1563 4056 Cum

494 4083 547 4137 in
570 4081 649 4133 his
671 4098 799 4133 cura
819 4083 1091 4132 verborum
1124 4083 1342 4147 deroget
1370 4080 1567 4132 affecti-

497 4159 590 4211 bus
609 4160 763 4210 fidem
785 4177 800 4223 ς
824 4165 880 4209 et
900 4158 1206 4224 ubicumque
1230 4174 1313 4208 ars
1340 4166 1565 4210 ostenta-

499 4243 605 4304 tur,
622 4238 823 4289 ‘veritas
844 4236 1026 4288 abesse
1050 4236 1326 4289 videatur-⁹

1695 2401 1760 2447 86
1791 2395 1984 2462 Librae]
2016 2396 2242 2446 velutin
2266 2393 2526 2445 contraria
2547 2393 2698 2442 lance

1629 2475 1849 2538 opponit
1888 2472 2332 2524 criminationibus
2365 2485 2466 2520 non
2509 2468 2701 2530 valida,

1630 2557 1689 2601 ut
1709 2557 1990 2615 oporteret,
2029 2559 2354 2614 argumenta,
2395 2545 2486 2596 sed
2533 2558 2700 2594 meras

1632 2627 1906 2678 verborum
1953 2625 2313 2676 exornationes
2369 2632 2425 2675 et
2468 2622 2698 2687 figuras3

1632 2704 1968 2768 periodorum
2025 2701 2297 2752 affectatos
2347 2715 2588 2750 numeros
2645 2706 2702 2749 et

1634 2779 1781 2842 quasi
1829 2791 2105 2843 appensos,
2156 2777 2573 2837 homoeoteleuta,
2613 2775 2703 2824 ho·

1633 2862 1938 2919 moeoptota,
1962 2855 2181 2918 Isocola,
2204 2859 2306 2903 ἃς.
2329 2851 2550 2903 fortasse
2583 2851 2706 2917 quia

1635 2934 1736 2984 scit
1768 2933 1861 2982 hos
1885 2931 2124 2982 flosculos
2168 2947 2229 2982 ac
2276 2931 2541 2994 rhythmos
2566 2929 2705 2994 apud

1632 3010 1896 3060 Neronem
1929 3009 2121 3070 valere,
2165 3007 2243 3056 his
2285 3021 2340 3056 se
2374 3013 2566 3056 tuetur.
2636 3006 2704 3055 D.

1632 3085 1933 3151 Hieronym.
1996 3084 2166 3149 Epist.
2201 3083 2265 3132 ad
2301 3081 2706 3131 Pammachinm.

1632 3163 1649 3190 ‘
1683 3163 1802 3212 Non
1829 3164 1989 3228 pudet
2023 3161 2345 3212 Christianos
2379 3167 2434 3208 et
2454 3158 2706 3209 Sacerdo-

1635 3245 1716 3288 tes
1744 3240 1860 3301 Dei,
1891 3238 2036 3303 quasi
2057 3239 2122 3287 de
2143 3238 2297 3286 rebus
2335 3235 2548 3284 ludicris
2582 3247 2702 3298 aga-

1635 3321 1740 3376 tur,
1763 3315 1934 3364 verbis
1952 3314 2119 3363 dubiis
2139 3314 2358 3370 liaerere,
2371 3315 2423 3360 et
2439 3310 2705 3373 ambiguas

1634 3389 1828 3439 librare
1848 3390 2149 3450 sententias,
2164 3388 2348 3454 quibus
2366 3389 2582 3454 loquens
2603 3397 2708 3435 ma-

1639 3465 1716 3531 gis
1741 3481 1894 3532 quam
1920 3466 2134 3516 audiens
2149 3464 2449 3529 decipitur!

1703 3544 1994 3609 Anticliae]
2058 3544 2260 3606 Latine,
2308 3540 2711 3606 contrapositam,

1642 3621 1836 3687 Figura
1861 3629 1943 3671 est
1968 3636 2061 3687 per
2096 3635 2249 3685 quam
2292 3617 2555 3668 contraria
2590 3629 2713 3666 con-

1643 3698 1810 3749 trariis
1850 3698 2218 3763 respondentia
2254 3696 2305 3746 in
2348 3694 2582 3744 oratione
2621 3705 2715 3756 po·

1641 3786 1853 3826 nnntnr.

1705 3852 1912 3916 noceas]
1979 3852 2202 3915 Legunt.
2240 3848 2346 3908 alii,
2403 3850 2605 3909 metu,
2656 3842 2712 3895 id

1641 3934 1740 3992 est,
1778 3929 1977 3994 peritus
2019 3935 2074 3977 et
2103 3941 2292 3993 gnarus
2328 3924 2608 3974 adhibendi
2642 3930 2717 3972 ta·

1641 4007 1721 4056 les
1745 4005 1935 4070 figuras
1982 4019 2012 4054 a
2048 4004 2245 4067 Gorgia
2285 4002 2514 4051 Rhetore
2536 4000 2716 4048 inven-

1645 4087 1743 4131 tas.

1709 4162 1773 4207 87
1807 4158 1996 4208 Bellum
2027 4155 2136 4220 hoc]
2187 4154 2437 4221 Inquinnt
2476 4150 2596 4202 vani
2639 4150 2716 4201 illi

1645 4233 1951 4302 scriptores,
1967 4234 2048 4285 vel
2066 4232 2382 4283 adulatores.
2715 4225 2718 4228 ’
