3050 4913
341 298 543 407 ‘⁷0

1217 358 1288 406 A.
1327 358 1588 409 Pssltsn
1637 361 1900 410 rmum

456 500 560 565 En
582 500 745 585 quid
777 501 967 584 agis?
1012 502 1232 568 siccas
1254 503 1490 569 insana
1518 503 1839 571 Canicula
1865 527 2119 572 messes
2623 517 2669 581 5

455 602 614 670 Jam
644 605 892 668 (ludum
919 605 1167 687 coquit,
1199 612 1267 670 et
1290 607 1527 689 patula
1553 627 1767 690 pecus
1795 628 1988 673 omne
2018 611 2145 675 sub
2174 613 2355 679 ulmo
2384 622 2523 697 θεὴ

456 704 650 770 Unus
678 706 771 768 ait
795 705 1131 770 comitum.

1222 710 1241 739 ‘
1266 705 1649 772 Verumne?
1695 710 1916 774 itane?
1964 731 2173 795 ocyus
2204 715 2384 782 adsit

458 807 621 872 Huc
650 806 933 890 aliquis!
977 808 1233 872 nemon'
1253 807 1305 873 'l’
1348 808 1702 891 Turgescit
1728 811 1946 877 vitrea
1973 814 2172 880 bilis:

462 907 806 973 Finditur.
790 928 805 944 ·
854 907 1167 975 Arcadiae
1194 911 1509 993 pecuaria
1536 911 1767 977 rudere
1796 912 2050 980 credas.

456 1073 740 1125 caniculam
751 1074 950 1123 sanitati
971 1075 1117 1123 noxia
1125 1074 1233 1135 jam
1248 1075 1433 1138 pridem
1454 1078 1613 1126 adurit
1638 1077 1801 1127 aridas
1818 1085 2029 1141 segetes.-
2062 1087 2108 1130 et
2121 1097 2247 1143 grex
2268 1086 2419 1133 omnis
2436 1087 2524 1136 sab
2548 1089 2672 1138 aluo

457 1139 676 1191 umbrosa
693 1140 861 1201 jacen·
893 1139 1046 1203 inquit
1064 1156 1185 1189 anas
1215 1155 1241 1188 e
1271 1140 1426 1190 sociis.
1495 1141 1720 1191 Hoceuoe
1747 1159 1911 1192 ueram
1933 1145 2050 1194 est?
2099 1149 2179 1196 Aa
2200 1150 2270 1197 sic
2291 1164 2346 1198 se
2369 1165 2454 1200 res
2477 1152 2670 1203 habet?

460 1204 823 1268 Quamprimum
851 1205 1005 1255 isthuc
1037 1207 1196 1254 mint
1218 1205 1482 1269 quispiam
1522 1208 1738 1257 ullane
1758 1210 1966 1257 veniet?
1998 1211 2131 1260 Bilis
2148 1214 2380 1275 pellucido
2402 1216 2671 1269 munem

456 1269 512 1319 in
534 1284 650 1320 me.
685 1270 760 1319 ita
781 1285 972 1334 rumpot-
984 1268 1357 1320 vociferando·
1392 1276 1448 1319 at
1477 1279 1618 1334 pates
1645 1274 1814 1323 rudere
1847 1289 2015 1338 pecore
2035 1278 2288 1328 Arcadica.
2354 1280 2480 1330 Mox
2509 1285 2673 1348 coda,

1390 1411 1747 1434 OOOOOOOOOO

456 1495 856 1561 habentfindor:
891 1511 1051 1561 quare
1073 1496 1150 1547 ita
1170 1495 1457 1561 distingne·
1489 1498 1740 1560 fimum
1760 1501 1911 1551 vitrea
1934 1501 2080 1554 bilis.-
2105 1505 2317 1556 Εἰπὼν-.-
2350 1512 2406 1556 at
2429 1507 2671 1571 Arcadia,

454 1563 538 1624 ξε.

603 1560 710 1611 Pro
732 1563 907 1627 credas,
925 1561 1237 1612 membrana
1258 1563 1406 1613 dicas.
1472 1562 1788 1629 Ausonius,‘
1813 1568 1983 1617 asinos
2024 1583 2228 1634 qnoque
2266 1571 2454 1621 rudere
2496 1572 2676 1626 dicas!

1458 1678 1672 1729 NOTAE

459 1789 805 1841 Anaximenes
847 1791 1103 1842 Milesius.
1170 1792 1290 1842 Hoc
1350 1799 1525 1842 tamen

459 1867 844 1919 Anaximandro
891 1867 1226 1918 Anaximenis
1278 1871 1525 1934 magistro

458 1948 694 1998 tribuunt
718 1949 984 2012 Diogenes
1009 1948 1246 1998 La'e'rtius
1269 1950 1305 1999 l.
1330 1964 1391 2000 ιι.
1437 1950 1524 1998 Vi-

457 2026 675 2088 truvius,
707 2033 763 2075 et
803 2026 906 2075 alii.
967 2025 1148 2074 Romae
1174 2040 1296 2076 vero
1318 2026 1524 2075 illorum

458 2118 580 2152 usus
606 2117 718 2151 esse
750 2102 912 2165 coepit
945 2102 1082 2151 bello
1118 2102 1318 2152 Punico
1342 2102 1530 2166 primo,

454 2184 518 2243 ut
545 2179 705 2228 habet
743 2178 942 2228 Plinius
982 2180 1098 2228 loco
1132 2179 1311 2230 citato.
1376 2177 1528 2228 Anti-

459 2253 638 2318 quiora
675 2261 845 2304 tamen
884 2254 976 2303 illa
1008 2263 1216 2305 constat
1260 2269 1325 2303 ex
1366 2256 1530 2305 sacris

460 2329 741 2380 codicibus
774 2332 808 2382 l.
828 2345 903 2382 ιν.
938 2334 1155 2397 Regum,
1176 2348 1224 2383 c.
1243 2336 1323 2383 20.
1348 2332 1437 2381 ubi
1461 2332 1528 2381 de

457 2407 725 2475 horologio
762 2408 1038 2475 Achaz,et
1077 2408 1143 2461 de
1179 2410 1297 2461 Sole
1321 2425 1416 2474 per
1440 2410 1529 2460 de-

457 2500 571 2536 cem
593 2487 757 2536 lineas
780 2487 1210 2551 retrogrediente.
1277 2487 1527 2538 Quamvis

458 2562 596 2612 enim
636 2563 688 2611 in
730 2568 879 2612 textu
926 2563 1192 2612 Hebraico
1237 2577 1340 2612 vox
1384 2562 1527 2611 nulla

459 2638 751 2703 significans
771 2640 931 2690 lineas
964 2646 1055 2689 aut
1091 2639 1409 2703 horologium
1448 2639 1521 2689 ibi

457 2716 766 2779 reperiatur,
804 2716 896 2765 sed
943 2723 1141 2765 tantum
1187 2715 1411 2780 gradum
1467 2722 1524 2766 et

460 2790 638 2842 Achaz
658 2807 761 2842 non
777 2792 1016 2841 habuerit
1034 2792 1352 2856 horologium
1374 2791 1525 2841 lineis

459 2874 514 2915 et
538 2882 791 2931 gnomone
816 2867 1128 2932 perfectum,
1153 2875 1209 2918 ut
1243 2882 1337 2917 nos
1373 2867 1527 2917 hodie

457 2941 741 3006 ltabemus;
796 2950 851 2993 at
890 2943 1079 3008 gradus
1119 2943 1168 2993 ei
1207 2941 1366 2993 fuisse
1410 2951 1527 2992 arte

458 3017 755 3082 dispositos,
778 3028 834 3070 et
856 3020 1005 3069 horas
1027 3019 1132 3069 diei
1163 3033 1259 3084 per
1293 3019 1528 3068 umbram

455 3095 592 3144 Solis
615 3095 923 3159 indicantes,
955 3097 1204 3161 colligere
1243 3102 1325 3145 est
1361 3111 1427 3145 ex
1450 3097 1524 3145 D.

459 3171 782 3237 Hieronymo
832 3175 1179 3225 commentar.
1241 3172 1295 3220 in
1336 3171 1525 3220 Isaiam

457 3247 533 3298 ita
554 3250 816 3299 scribente
838 3267 850 3298 :
902 3252 917 3278 ‘
943 3252 1118 3299 Datur
1134 3248 1336 3312 signum
1361 3255 1419 3299 ut
1443 3249 1531 3298 Sol

460 3325 642 3375 decem
665 3326 913 3389 gradibus
947 3332 1260 3388 revertatur,
1284 3340 1411 3390 quos
1434 3339 1530 3374 nos

451 3401 612 3465 juxta
633 3403 993 3468 Symmachum
1028 3403 1081 3451 in
1119 3404 1283 3451 lineas
1304 3408 1358 3451 et
1380 3402 1531 3451 horo-

459 3479 649 3542 logium
673 3479 940 3541 vertimus,
961 3478 1047 3544 qui
1066 3478 1257 3542 gradus
1273 3477 1532 3527 intellexit

460 3555 513 3604 in
560 3555 730 3617 lineis,
771 3563 830 3605 ut
872 3551 1279 3604 manifestiorem
1324 3567 1530 3604 sensnm

460 3630 754 3695 legentibus
777 3630 1010 3681 faceret:
1047 3632 1154 3682 sive
1178 3631 1253 3681 ita
1280 3631 1533 3681 exstructi

461 3715 610 3756 erant
632 3708 820 3771 gradus
845 3716 958 3757 arte
995 3707 1315 3770 mechanica,
1353 3713 1411 3756 ut
1434 3722 1532 3771 per

463 3782 689 3846 singulos
714 3784 894 3833 umbra
934 3784 1256 3834 descendens
1290 3784 1532 3833 horarum

464 3858 632 3921 spatia
652 3859 989 3910 terminaret!

529 3940 558 3983 5
599 3935 850 3998 Canicula]
884 3934 1247 3998 Constellatio,
1270 3950 1387 4000 quoe
1409 3933 1530 3983 dum

456 4002 551 4060 ‘Sol
580 4009 633 4058 in
668 4011 843 4060 Leone
867 4018 966 4074 est,
988 4012 1171 4061 oritur.
1238 4012 1372 4060 Vide
1394 4012 1534 4062 Plin.

462 4101 529 4137 ιι.
554 4091 637 4136 40.
706 4086 858 4137 Unde
883 4087 948 4136 ab
967 4087 1207 4151 Horatio,
1238 4089 1408 4138 Vesana·
1426 4090 1539 4138 stel-

465 4165 511 4212 la
536 4162 737 4212 honis.-
771 4177 802 4210 a
824 4162 1009 4211 Persio
1044 4178 1188 4225 vero,
1219 4162 1384 4212 insana
1416 4157 1543 4213 dici-

465 4244 573 4302 tur,
599 4238 719 4303 quia
738 4239 945 4289 morbos
977 4246 1221 4302 procreat
1256 4239 1389 4289 bene
1410 4240 1536 4290 mul-

1608 1801 1704 1856 tos,
1728 1795 1793 1844 ob
1814 1802 2000 1845 aestum
2022 1804 2078 1847 et
2101 1797 2475 1848 vehementiam
2497 1816 2510 1848 ε
2547 1800 2670 1850 item

1606 1885 1758 1921 canes
1797 1871 1848 1920 in
1886 1873 2082 1922 rabiem
2117 1875 2243 1938 agit.
2312 1876 2451 1926 Hinc
2486 1876 2672 1927 Horat.

1604 1948 1716 1997 Sat.
1744 1961 1783 1998 1.
1823 1952 1873 1997 6.
1918 1957 2089 2014 vocat,
2154 1953 2168 1980 ⁴
2197 1952 2405 2001 Rabiosi
2441 1961 2675 2018 tempora

1607 2024 1779 2088 ειμι)

1673 2106 1705 2150 6
1740 2103 1919 2151 Patala
1960 2119 2103 2167 pecus
2143 2119 2278 2153 omne
2308 2104 2393 2154 ub
2424 2108 2550 2154 ulmo
2583 2106 2677 2169 est]

1610 2179 1749 2226 Dum
1775 2178 2088 2227 meridianus
2128 2188 2287 2228 aestus
2326 2178 2678 2244 defervescat,

1609 2268 1796 2318 greges
1822 2255 1871 2303 in
1895 2256 2123 2305 umbram
2150 2255 2495 2307 deducuntur.
2533 2259 2677 2321 Virg.

1611 2331 1724 2379 Ecl.
1750 2345 1812 2379 ιι.
1877 2333 1892 2359 ‘
1915 2333 2067 2381 Nunc
2103 2332 2263 2381 etiam
2302 2335 2528 2397 pecudes
2570 2349 2678 2383 um-

1607 2405 1726 2455 bras
1748 2415 1803 2455 et
1826 2405 2018 2471 frigora
2042 2407 2294 2472 captant?

1672 2487 1702 2532 7
1745 2484 1879 2532 Unus
1898 2485 1969 2532 nit
1992 2479 2235 2550 comitam]
2287 2485 2420 2534 Haec
2444 2486 2681 2552 plerique

1608 2557 1844 2609 referunt
1865 2560 1932 2609 ad
1956 2561 2183 2624 priorem
2207 2563 2539 2612 sententiam.
2575 2563 2679 2613 Sed

1605 2650 1706 2686 non
1731 2636 1823 2685 abs
1845 2651 1899 2685 re
1922 2636 2191 2686 contendit
2213 2637 2545 2687 casaubonus
2568 2637 2679 2687 fini·

1605 2710 1790 2761 endam
1832 2718 1952 2761 ante
1993 2712 2102 2761 haec
2142 2711 2304 2762 verba
2339 2709 2680 2777 praeceptoris

1607 2788 2054 2852 increpationem:
2108 2796 2166 2837 ut
2204 2788 2368 2838 verba
2405 2790 2541 2851 haec,
2565 2805 2683 2839 anas

1606 2866 1677 2914 ait
1698 2866 1939 2928 comitum,
1973 2865 2140 2915 Persii
2180 2866 2286 2914 sint
2308 2867 2590 2916 narrantis:
2627 2874 2684 2917 et

1607 2955 1724 3005 quae
1749 2950 2055 3005 sequuntur,
2075 2942 2180 2991 sint
2202 2942 2680 3007 expergiscentium

1607 3018 1997 3083 discipulorum.

1677 3096 1837 3160 Ocyus
1857 3095 2007 3159 adsit]
2055 3095 2210 3146 Adsit
2247 3097 2480 3161 protinus
2518 3095 2684 3148 famn-

1607 3169 1705 3232 lus,
1720 3179 1776 3220 et
1802 3179 1972 3221 vestes
1988 3170 2189 3235 afferat,
2203 3182 2262 3223 ut
2283 3188 2485 3237 surgam
2505 3188 2683 3238 qnam-

1611 3248 1848 3311 primum.

1676 3328 1708 3372 8
1750 3324 1912 3374 Vitrea
1930 3324 2062 3390 bilis]
2111 3325 2271 3376 Quasi
2310 3325 2445 3374 vitro
2485 3326 2683 3389 similis,

1612 3415 1729 3465 quae
1743 3400 1792 3449 in
1812 3403 1960 3450 vultu
1979 3401 2229 3450 iracundo
2245 3409 2517 3466 appareat.
2552 3403 2683 3452 Hor.

1611 3477 1724 3527 Sat.
1750 3490 1788 3525 ι.
1814 3481 1863 3528 3.
1898 3480 1913 3505 ‘
1938 3477 2274 3542 Splendidam
2314 3477 2491 3526 bilein'
2534 3478 2685 3527 dixit.

1613 3550 1722 3602 Alii
1746 3553 2172 3617 interpretantur,
2208 3551 2402 3615 inflata,
2439 3554 2682 3606 intumes-

1613 3643 1752 3691 cens,
1776 3635 1833 3678 ut
1854 3631 2062 3679 vitrum.

1677 3709 1710 3754 9
1746 3706 1995 3772 finditur]
2045 3708 2215 3757 Laxat
2235 3707 2463 3757 habenas
2485 3706 2685 3756 iracun-

1613 3781 1711 3831 diae
1738 3786 1974 3847 petulans
2016 3783 2342 3846 adolescens,
2386 3790 2441 3832 et
2475 3783 2596 3847 quia
2618 3781 2686 3831 ad

1612 3859 1844 3910 laborem
1868 3870 1923 3910 et
1957 3861 2182 3910 studium
2218 3875 2316 3910 non
2349 3867 2536 3923 sponte
2580 3867 2682 3908 tra·

1613 3935 1774 3995 bitur,
1796 3936 1922 3985 iram
1946 3938 1996 3986 in
2015 3935 2232 3986 famulos
2255 3942 2524 3985 exonerat.
2560 3935 2684 3986 Qui-

1619 4012 1734 4060 dam
1757 4013 1956 4075 legunt,
1981 4012 2193 4062 Findor:
2225 4016 2279 4061 at
2301 4011 2543 4072 Arcadia,
2562 4012 2643 4072 ξε.

1685 4088 1931 4152 Arcadica]
2013 4088 2180 4151 Regio
2238 4094 2318 4137 est
2374 4083 2684 4151 Peloponesi

1622 4165 1810 4216 multos
1833 4174 1888 4216 et
1909 4180 2119 4231 magnos
2141 4166 2285 4216 alens
2302 4164 2492 4215 asinos.
