3050 4913
1187 380 1464 430 ss'rnts
1513 378 1587 432 V.

2360 366 2491 434 159

272 522 622 589 Portautes
648 524 889 602 violas,
918 523 1321 608 rubrumque
1343 524 1662 610 amplexa
1687 527 1980 591 catinum

270 623 510 690 Gauda
535 632 720 691 natat
745 627 996 709 thynni,
1023 631 1229 691 tumet
1255 628 1412 692 alba
1437 627 1665 693 fidelia
1692 629 1892 710 vin0;

270 725 498 791 Labra
519 746 751 792 moves
776 729 1048 807 tacituS,
1075 730 1478 825 recutitaque
1508 731 1789 796 sabbata
1816 732 2054 815 palles.

267 892 501 942 elidant
526 890 789 954 fuliginem
807 907 1015 943 munus
1028 908 1049 951 ,-
1095 898 1145 943 et
1176 894 1364 945 innatat
1394 898 1543 947 cauda
1565 897 1736 960 thynni
1757 896 1948 946 rubeam
1981 897 2198 961 patinam
2218 898 2454 960 complexa
2471 910 2494 955 ,-

268 964 330 1006 et
349 952 600 1022 νομῆι
620 958 813 1007 candidi
834 958 1022 1009 coloris
1041 960 1273 1009 redundet
1301 962 1410 1009 vino
1421 975 1443 1018 ‚·
1476 966 1601 1011 tunc
1616 966 1792 1011 secreto
1813 963 1973 1025 agitas
1993 962 2137 1026 labia,
2156 967 2202 1011 et
2219 961 2494 1026 expallescis

1272 1090 1492 1142 No'rffi

270 1199 448 1251 Scbol.
536 1201 731 1251 Locum
769 1201 907 1253 bunc
945 1202 1073 1255 mire
1117 1205 1346 1256 illustrat

268 1276 416 1328 Just.
457 1275 601 1340 Lips.
642 1278 811 1329 Elect.
852 1293 891 1330 1.
937 1294 985 1329 c.
1019 1284 1068 1330 8.
1104 1281 1193 1331 ubi
1231 1282 1344 1333 boec

266 1351 489 1403 scribit:
529 1353 549 1381 ⁸
572 1354 690 1404 Mos
715 1356 854 1420 apud
879 1357 1141 1408 Romanos
1166 1372 1344 1423 recep·

270 1435 399 1491 tus3
445 1430 497 1479 iu
520 1431 659 1480 omni
688 1432 889 1495 privata
921 1434 1234 1499 publicaque
1257 1436 1346 1485 lae·

271 1505 398 1556 titia
425 1505 640 1572 januam
663 1508 808 1558 lauro
831 1521 893 1559 ac
907 1510 1132 1561 lucernis
1150 1511 1345 1563 ornari.

269 1582 611 1647 —Ejusmodi
653 1583 877 1634 lucernae
902 1585 1128 1648 pensiles
1161 1592 1344 1638 erant=

271 1665 331 1709 et
352 1660 603 1710 catenulis
625 1659 1074 1726 suspendebantur
1111 1676 1345 1714 accensa

268 1735 345 1785 ad
374 1736 565 1787 aedium
590 1737 780 1801 januas
804 1745 895 1789 aut
915 1737 1193 1792 fenestras.
1257 1742 1347 1792 Vi-

275 1811 447 1862 dimus
467 1812 565 1878 ipsi
603 1814 657 1862 iu
696 1812 856 1864 Italia
893 1829 1054 1865 oereas
1092 1816 1348 1879 ejusmodi

271 1885 516 1937 lucernas
560 1889 871 1955 complures,
920 1906 1047 1957 quas
1083 1893 1348 1945 intellexit

273 1963 436 2013 etiam
460 1963 630 2014 Poeta
649 1965 924 2031 Princeps,
950 1968 1166 2018 Pendeat
1188 1970 1351 2034 194)ληί

272 2040 575 2103 laquearibus
604 2041 799 2091 meis!
861 2043 1011 2095 Quod
1048 2045 1129 2095 hae
1181 2047 1347 2096 lucer·

275 2130 361 2165 nae
395 2116 464 2165 ad
511 2116 749 2182 januam,
801 2125 993 2183 praeter
1036 2122 1347 2175 Juvenalem

276 2192 630 2244 Tertullianus
683 2195 843 2247 docet
883 2199 951 2248 ad
994 2214 1211 2250 uxorem
1255 2200 1351 2253 lib.

280 2281 361 2318 xt-
419 2269 699 2320 ‘Moratur
745 2273 853 2327 Dei
898 2273 1089 2325 ancilla
1129 2276 1185 2325 in
1230 2275 1349 2325 lari·

280 2342 379 2393 bus
403 2344 602 2407 alienis,
622 2353 678 2396 et
699 2346 838 2396 inter
856 2347 971 2397 illos
995 2349 1230 2400 omnibus
1259 2351 1349 2400 bo-

279 2420 492 2471 noribus
518 2422 850 2488 Daemouum,
872 2425 1109 2477 omnibus
1133 2427 1352 2479 solenni·

282 2496 380 2546 bus
403 2498 627 2564 Regum,
658 2499 942 2565 incipiente
982 2517 1135 2567 anno,
1168 2504 1352 2569 incipi·

280 2583 408 2624 ente
427 2589 621 2639 meuse,
643 2576 827 2626 nidore
847 2576 1014 2627 thuris
1036 2579 1349 2643 agitabitur:

280 2656 339 2700 et
363 2650 614 2713 procedet
653 2652 721 2702 de
748 2653 913 2717 janua
941 2654 1175 2705 laureata
1198 2663 1253 2706 et
1276 2657 1353 2707 lu-

279 2731 517 2790 cernata,
554 2734 613 2777 ut
646 2726 713 2777 de
753 2744 886 2779 novo
911 2731 1214 2781 consistorio
1237 2732 1353 2783 libi·

282 2799 462 2852 dinum
502 2803 861 2867 publicarum-⁹
925 2807 1080 2859 Quod
1119 2822 1243 2858 vero
1286 2808 1354 2859 ad

281 2876 538 2928 fenestras
561 2880 739 2944 etiam,
762 2881 952 2945 probat
976 2897 1044 2933 ex
1064 2884 1161 2934 hoc
1184 2885 1353 2936 Persii

281 2958 421 3023 loco,
455 2974 610 3024 quem
645 2958 800 3012 affert
820 2961 1047 3014 ibidem:
1098 2964 1231 3013 Vide
1261 2964 1356 3017 Ju-

286 3037 458 3086 venal.
478 3037 590 3088 Sat.
614 3050 721 3089 ιιι.
737 3042 818 3089 92.
853 3044 910 3089 et
931 3038 1002 3088 ibi
1025 3046 1288 3091 annotata.

351 3116 448 3163 182
482 3112 806 3178 lubricaque]
871 3116 1171 3178 Miniatum,
1193 3131 1283 3167 seu
1322 3131 1354 3167 e

285 3196 430 3238 terra
448 3188 623 3241 rubra.
676 3190 764 3241 Sic
784 3191 1020 3240 Martial.
1043 3191 1354 3257 Epigramm.

289 3279 372 3317 ιι.
396 3270 481 3317 28.
512 3263 533 3295 ‘
555 3266 892 3329 Paropsidem
916 3266 1124 3317 rubram
1142 3269 1355 3332 posuit.'

287 3343 358 3393 Et
394 3355 512 3394 xlv,
561 3346 675 3393 114.
708 3344 724 3371 ‘
750 3344 981 3393 Cumano
1014 3344 1350 3395 rubicundam

288 3420 503 3485 pulvere
528 3418 755 3470 testam!

352 3496 587 3559 Amplexa
619 3496 827 3545 catinum
853 3497 1003 3545 cauda
1038 3496 1201 3561 natat]
1268 3497 1352 3547 In-

288 3578 501 3636 gentem
533 3571 762 3624 catinum
782 3572 1002 3638 implens
1029 3573 1209 3637 thynni
1233 3589 1355 3625 cau-

289 3648 360 3698 da
379 3649 432 3698 in
456 3648 578 3713 jure
599 3649 893 3701 conditorio
915 3655 1080 3714 natat,
1101 3652 1357 3715 epulanti·

288 3725 385 3775 bus
402 3726 624 3787 Jndoeis,
639 3731 693 3776 et
713 3725 876 3777 festos
898 3727 1009 3777 dies
1031 3727 1322 3791 agentibus.

358 3806 453 3852 188
490 3803 657 3853 Gauda
678 3803 874 3869 thynni]
910 3804 1077 3856 Piscis
1099 3815 1272 3868 notus,
1290 3806 1358 3857 de

288 3890 391 3942 quo
427 3878 663 3943 pluribus
695 3878 823 3929 locis
846 3875 1164 3932 A‘tbenoeus:
1217 3881 1357 3933 Plin.

289 3967 372 4003 rx.
394 3958 474 4005 15.
499 3954 575 4004 sic
596 3953 791 4006 habet:
823 3954 840 3983 ‘
864 3955 1144 4021 Praecipua
1170 3959 1362 4023 magni·

292 4031 472 4082 tudine
514 4031 715 4097 thynni.
816 4029 1115 4083 Invenimus
1160 4034 1362 4084 talenta

289 4108 587 4174 quindecim
610 4109 941 4174 pependisse.
974 4110 1218 4175 Ejusdem
1242 4127 1362 4163 cau-

290 4185 371 4235 da
385 4185 717 4239 latitudinem
726 4186 830 4239 duo
841 4185 1018 4238 cubita
1034 4194 1088 4238 et
1103 4186 1362 4255 palmum:

290 4266 392 4312 &c-

1495 1207 1663 1257 Tumet
1685 1207 1971 1273 olbofidelia
1991 1206 2123 1270 uino]
2171 1207 2336 1256 Plena
2359 1206 2493 1256 scili-

1427 1291 1515 1335 cet
1538 1282 1731 1348 fidelia,
1766 1299 1855 1334 vas
1893 1284 2152 1334 vinarium
2191 1298 2258 1333 ex
2295 1285 2493 1350 argilla.

1423 1358 1560 1409 Vide
1580 1360 1692 1409 Sat.
1715 1373 1804 1409 111.

1488 1439 1586 1485 184
1619 1434 1781 1485 Labra
1801 1449 1952 1484 moves
1966 1432 2165 1497 tacitus]
2206 1434 2290 1483 Tu
2313 1448 2494 1499 super·

1425 1510 1654 1561 stitiosus
1676 1510 1876 1562 Judaeis
1913 1516 1967 1559 te
2004 1510 2287 1572 immisces,
2323 1510 2372 1559 in
2411 1524 2497 1559 eo·

1425 1600 1538 1636 rum
1571 1586 1893 1650 proseuchis,
1928 1600 2018 1635 seu
2074 1585 2497 1649 precationibus3

1427 1667 1483 1712 et
1504 1661 1739 1725 concipis
1769 1667 1896 1711 vota
1930 1662 2088 1711 tacito
2125 1674 2404 1724 murmure,
2428 1660 2496 1711 de

1425 1753 1527 1803 quo
1550 1737 1670 1787 vide
1692 1738 1801 1788 Sat.
1838 1751 1901 1787 11.
1925 1742 1974 1789 6.
2042 1736 2229 1787 Horat.
2250 1736 2420 1801 Epist.
2453 1750 2495 1787 ι.

1427 1818 1508 1864 16.
1542 1813 1559 1842 ‘
1578 1814 1747 1863 Labra
1767 1819 1940 1864 movet
1962 1822 2199 1864 metuens
2220 1813 2421 1863 audiri!

1493 1891 1808 1954 Recutitaque
1829 1892 2024 1940 sabbata
2039 1890 2212 1956 palles]
2258 1892 2388 1941 Cum
2404 1890 2501 1943 Ju-

1429 1965 1556 2016 doeis
1579 1967 1707 2016 colis
1740 1966 1993 2026 Sabbata,
2026 1971 2272 2027 tremens,
2303 1974 2360 2017 et
2395 1974 2499 2017 sto·

1426 2040 1534 2091 lide
1572 2040 1864 2105 religiosus.
1964 2042 2122 2091 Certe
2169 2039 2381 2091 Judaeos
2419 2042 2495 2091 ni-

1426 2117 1584 2167 mium
1624 2117 1721 2166 bac
1763 2118 1817 2166 in
1865 2131 1920 2166 re
1958 2116 2344 2181 superstitiosos
2386 2118 2501 2183 quis

1427 2207 1532 2243 non
1572 2191 1821 2257 fateatur,
1844 2207 1961 2242 cum
1995 2193 2170 2243 hostes
2208 2194 2502 2257 ingruentes

1428 2269 1838 2335 invadentesque
1859 2270 2087 2320 Sabbata
2127 2271 2402 2334 repellere,
2437 2285 2501 2322 ac

1431 2348 1569 2396 tueri
1593 2362 1667 2408 se,
1701 2348 1933 2411 religioni
1956 2348 2244 2406 ducet-eun
2297 2348 2419 2413 quin
2444 2354 2501 2398 et

1431 2422 1694 2474 Christum
1753 2423 2031 2475 Dominum
2089 2423 2391 2473 incusarent
2446 2429 2502 2475 et

1431 2501 1852 2564 criminarentur,
1898 2501 2035 2566 quod
2082 2515 2246 2566 aegros
2296 2506 2504 2551 sanaret

1429 2577 1518 2627 die
1539 2578 1794 2630 Sabbati?

1498 2655 1750 2721 Recutita]
1785 2654 2077 2718 Hypallage
2096 2653 2271 2706 Jndaei
2294 2653 2505 2705 recutiti

1432 2729 1743 2781 dicebantur
1772 2731 1840 2781 ob
1881 2729 2236 2781 circumcisam
2261 2730 2506 2794 praeputii

1430 2813 1639 2856 cutem:
1676 2806 1751 2857 sic
1776 2811 1831 2855 et
1855 2805 2078 2857 Horatio
2098 2806 2286 2870 Apella,
2326 2804 2380 2854 id
2404 2811 2508 2869 est,

1431 2883 1545 2932 sine
1582 2883 1742 2947 pelle,
1772 2883 1974 2933 scilicet
2015 2882 2067 2932 in
2106 2897 2170 2932 ea
2209 2897 2359 2947 qnam
2397 2881 2507 2933 dixi

1436 2959 1670 3024 corporis
1694 2965 1867 3024 parte,
1888 2959 2037 3023 cujus
2075 2958 2395 3009 circumcisio
2432 2958 2509 3009 di·

1434 3034 1556 3083 vino
1570 3034 1718 3098 jussu
1741 3035 1983 3084 mandatu
2007 3034 2309 3098 designabat
2331 3035 2506 3085 cordis

1434 3112 1815 3176 separationem
1852 3128 1883 3163 a
1921 3113 2311 3179 cupiditatibus,
2334 3121 2393 3166 ut
2431 3114 2509 3167 ait

1433 3191 1758 3254 Lactantius,
1783 3198 1840 3242 et
1860 3191 1965 3242 alii.

1496 3267 1730 3331 Sabbata]
1751 3270 1871 3319 Vox
1891 3275 1972 3318 est
1988 3268 2253 3319 Hebraica
2274 3269 2511 3334 requiem

1432 3343 1748 3408 significans,
1771 3350 1826 3394 et
1861 3344 1994 3394 diem
2029 3344 2366 3396 hebdomadas
2390 3358 2509 3408 sep-

1432 3421 1633 3480 timam,
1668 3420 1783 3470 Deo
1808 3420 2031 3484 jubente
2055 3435 2148 3485 per
2170 3421 2393 3484 Mosem,
2412 3418 2446 3470 J
2453 3434 2507 3469 u·

1433 3497 1564 3547 daeis
1604 3495 1869 3559 feriatam,
1903 3503 2014 3547 tum
2053 3503 2114 3546 ut
2153 3495 2510 3545 meminissent

1434 3575 1577 3625 orbis
1622 3591 1654 3625 a
1697 3575 1819 3625 Deo
1865 3573 2061 3624 conditi
2099 3579 2155 3623 et
2193 3586 2283 3622 sex
2322 3570 2510 3621 diebus

1436 3648 1668 3714 perfecti
1690 3666 1705 3711 3
1756 3655 1865 3700 tum
1882 3650 2039 3700 etiam
2060 3664 2164 3699 suae
2189 3662 2254 3697 ex
2279 3647 2511 3712 AEgypto

1434 3726 1774 3776 liberationis.
1842 3725 1948 3776 Hic
1970 3739 2089 3775 vero
2111 3723 2320 3774 Sabbata
2337 3738 2513 3789 quam-

1438 3803 1569 3852 libet
1613 3802 1917 3854 Judaeorum
1970 3800 2330 3850 celebritatem
2377 3799 2512 3850 indi·

1439 3895 1561 3930 care
1585 3879 1848 3942 videntur,
1864 3892 1959 3943 per
1979 3877 2362 3942 metonymiam.

1508 3955 1691 4019 Palles]
1738 3955 1860 4005 Sive
1891 3955 1957 4005 ob
1987 3953 2261 4019 jejunium,
2281 3952 2419 4020 quod
2442 3951 2510 4005 ad

1440 4045 1711 4096 vesperam
1751 4030 1926 4083 Judaei
1966 4029 2276 4092 servabant3
2328 4045 2418 4080 seu
2443 4028 2516 4079 ob

1440 4114 1636 4159 metum
1659 4106 2074 4171 superstitiosum
2095 4123 2110 4168 ;
2157 4120 2248 4156 seu
2271 4105 2339 4155 ob
2362 4119 2513 4169 squa-

1441 4184 1626 4247 lorem,
1645 4189 1702 4234 et
1724 4183 1948 4234 cinerem
1974 4197 2076 4248 quo
2099 4182 2173 4232 illi
2197 4197 2252 4231 se
2271 4193 2514 4245 consper-

1442 4262 1639 4328 ‘ebant
1676 4260 1729 4312 in
1763 4259 2003 4313 Sabbatis
2026 4259 2212 4311 saltem
2233 4257 2514 4325 aliquibus.
