3050 4913
1127 394 1577 451 suvnnsms.
2303 378 2476 452 1247

255 545 561 606 Claudiam.
590 553 654 605 et
683 544 944 608 Advers.
977 560 1036 603 1..
1067 546 1154 615 9.)
1179 544 1282 605 sed
1329 554 1391 604 et
1430 563 1502 603 ex
1542 542 1723 621 ipsius
1765 540 2101 604 Casauboni
2148 540 2479 622 Epistolis':

254 664 381 703 mm
410 644 526 721 Ep.
559 640 700 705 266.
731 661 794 719 p.
824 650 968 703 304.
1005 652 1067 703 et
1109 644 1217 720 Ep.
1268 640 1408 705 260.
1453 661 1514 720 p.
1549 650 1689 703 244.
1735 640 1896 700 Edit.
1942 642 2145 701 Graev.
2187 643 2476 721 promittit

254 739 689 804 mmnbontio
715 739 1108 800 Collationem
1137 759 1274 800 cum
1305 741 1455 799 Mss.
1482 738 1601 799 suis
1621 748 1682 798 et
1708 739 1921 798 Notas.
1964 738 2086 814 (Cf.
2119 738 2307 818 Epist.
2336 749 2472 801 112.

256 857 388 916 quae
412 856 470 896 a.
508 846 691 907 1591.
723 838 949 915 scripta
989 845 1101 907 est,
1139 836 1459 917 docetque,
1507 857 1638 896 eum
1684 835 1871 896 tribus
1921 838 2066 895 Mss.
2107 857 2142 895 a
2186 836 2475 916 Dionysio

257 933 630 994 Gotbofredo
662 933 1062 1012 suppeditatis
1106 953 1277 993 usum
1314 935 1487 1005 esse.)
1572 933 1787 992 Latent
1829 930 2010 991 hodie
2062 952 2149 991 eae
2187 933 2368 993 Notas
2412 931 2472 992 in

256 1031 534 1092 Bibliotb.
568 1031 856 1091 sereniss.
887 1029 1066 1107 Regis
1106 1029 1356 1107 Angliae,
1400 1048 1537 1107 quoe
1575 1027 1826 1088 Londini
1872 1039 1987 1087 est.
2076 1045 2186 1087 111.
2233 1029 2475 1089 EBER·

258 1129 592 1189 HARDUS
635 1127 1364 1198 ELMENHORSTHJS,
1411 1138 1476 1187 ut
1518 1147 1591 1185 ex
1633 1125 1885 1185 laudatis
1929 1125 2268 1186 casauboni
2295 1126 2472 1205 Epis-

256 1226 380 1285 toiis
406 1235 685 1304 apparet,
715 1224 947 1302 et,ipse
986 1224 1179 1283 Notas
1218 1223 1278 1281 in
1324 1223 1482 1282 bunc
1524 1224 1765 1282 Po'e‘tam
1799 1222 2182 1299 conseripsit=
2228 1222 2354 1292 sed,
2397 1238 2476 1284 ιι·

257 1322 474 1394 ederet,
506 1321 659 1381 fecit
685 1319 1023 1399 castigatrix
1053 1320 1152 1378 ilia
1179 1320 1305 1379 Jos.
1336 1320 1627 1397 ⁴Scaligeri
1668 1319 1939 1397 Epistola
1984 1338 2143 1379 num.
2185 1316 2324 1379 464.
2370 1320 2472 1381 lib.

261 1435 345 1478 iv.
374 1438 518 1499 quae
552 1419 758 1477 Amico
789 1416 1046 1486 cuidam,
1094 1418 1131 1474 i.
1160 1435 1214 1473 e.
1263 1415 1610 1482 Ebu-bardo
1652 1415 2087 1476 Elmenirorstio
2107 1428 2203 1477 cst
2230 1418 2472 1497 scripta,

259 1516 301 1574 si
326 1515 479 1575 fides
503 1515 782 1574 habenda
803 1513 970 1573 Clavi
993 1513 1421 1573 cohaesianoe
1441 1514 1499 1572 in
1529 1514 1634 1572 has
1664 1513 1956 1592 Epistulas
1984 1533 2046 1591 p.
2080 1533 2155 1573 m.
2187 1523 2320 1576 158.
2381 1531 2477 1576 lv.

259 1612 679 1673 OCTAVIUS
706 1610 1168 1672 multamus
1197 1620 1258 1670 et
1285 1612 1414 1689 ipse
1442 1611 1515 1669 ael
1547 1611 2067 1671 commentandum
2097 1613 2371 1683 accessit,
2411 1622 2477 1674 ut

259 1708 469 1769 fatetur
500 1710 699 1770 Eleet.
722 1724 811 1768 11.
862 1717 955 1767 14.
1001 1707 1102 1765 ubi
1144 1708 1328 1766 etiam
1369 1707 1625 1767 rationes
1668 1727 1780 1767 non
1826 1708 2078 1767 obscure
2121 1709 2309 1780 affert,
2342 1726 2477 1787 quae

261 1808 495 1884 phun
526 1803 1039 1867 commentarium
1081 1803 1247 1863 iilum
1290 1803 1453 1863 domi
1498 1823 1729 1863 manere
1763 1802 2072 1881 jusserint.
2161 1821 2221 1863 v.
2263 1807 2473 1866 THO·

259 1903 424 1964 MAs
468 1902 700 1962 GALE
730 1900 981 1979 Augias,
1007 1920 1079 1959 ex
1107 1899 1281 1960 editis
1310 1899 1626 1978 diiigentiae
1656 1899 2076 1978 speciminibus
2106 1900 2165 1958 in
2194 1920 2315 1979 rep.
2348 1903 2477 1962 lite-

258 2001 397 2061 mia
414 2000 547 2077 jam
580 2000 797 2070 clarus,
836 2008 899 2058 ut
928 1998 1130 2069 audio,
1161 1997 1475 2057 meditatur
1502 2016 1686 2057 novas
1714 2009 1882 2057 notas
1909 1999 1962 2056 in
2003 1997 2161 2057 bunc
2190 1998 2431 2058 Poenam
2459 2021 2476 2069 3

262 2101 451 2167 hino,
484 2108 557 2157 ut
586 2096 807 2155 rectius
838 2095 1070 2174 loquar,
1100 2093 1412 2153 meditatus
1441 2102 1554 2164 est,
1584 2093 1732 2153 adeo
1764 2104 1847 2163 ut,
1889 2094 1995 2154 nisi
2037 2095 2192 2154 fama
2232 2096 2479 2156 mentia-

263 2206 368 2267 tur,
396 2215 499 2253 eas
547 2192 874 2272 aliquando
922 2191 1100 2251 simus
1144 2190 1342 2250 visuri.
1426 2207 1520 2250 vr.
1568 2191 2090 2262 PEARsoNlth‚
2139 2193 2274 2252 JCti
2324 2193 2478 2255 cele-

266 2292 491 2351 berrimi
553 2300 613 2350 et
661 2288 994 2349 doctissimi
1039 2288 1191 2347 iilius
1238 2286 1541 2366 Episcopi,
1590 2287 1691 2367 qui
1738 2287 1795 2346 in
1847 2287 2268 2367 Apostolicum
2313 2291 2483 2369 Sym·-

266 2388 460 2448 balum
523 2399 646 2447 tam
695 2387 923 2446 erudite
980 2384 1234 2463 scripsit,
1302 2384 1499 2455 frater,
1584 2385 2134 2445 Animadversiones
2202 2387 2258 2447 in
2319 2387 2477 2449 buno

266 2486 501 2545 Pactam
546 2485 843 2557 condidit,
886 2505 1044 2564 quae,
1085 2493 1152 2543 ut
1198 2483 1381 2554 aiunt,
1426 2483 1613 2542 latent
1650 2482 1814 2560 apud
1854 2483 2115 2543 nobiliss.
2162 2486 2480 2546 Staniaeum

266 2582 528 2643 hudini.
674 2599 803 2642 vu.
875 2582 1362 2641 HADRIANUS
1443 2580 1835 2640 VALESIUS
1919 2599 2160 2657 quoque
2229 2581 2287 2639 in
2374 2583 2478 2642 has

265 2679 485 2757 scripsit
518 2681 790 2759 Satyrus.
877 2679 973 2739 Sic
1003 2679 1157 2739 enim
1187 2679 1379 2757 AEgid.
1414 2677 1745 2756 Menagius,
1774 2677 1930 2756 apud
1963 2697 2137 2754 quem
2168 2678 2343 2736 etiam
2382 2679 2486 2738 iio-

264 2774 353 2835 die
396 2775 580 2835 audio
634 2787 840 2836 extare
895 2776 1020 2846 has,
1072 2795 1221 2853 quas
1272 2774 1435 2846 dico,
1495 2775 1711 2834 valesii
1766 2785 1956 2846 notas,
2016 2775 2208 2852 Epigr.
2266 2782 2363 2835 5⁴2.
2413 2797 2477 2855 p.

270 2879 357 2940 89.
399 2873 570 2933 Edit.
600 2882 664 2941 7.
732 2874 931 2933 Carm.
971 2873 1048 2931 ad
1100 2872 1289 2932 Hadr.
1336 2871 1634 2931 valesium
1679 2871 1877 2932 cauit:
1953 2874 2051 2930 Ass
2108 2892 2309 2932 sensus
2363 2876 2479 2936 Ju-

268 2969 484 3028 mls's
546 2968 814 3029 eruditos
876 2968 1116 3049 Scripta
1152 2969 1386 3048 detegis
1425 2968 1798 3029 eruditiore?
1861 2967 1977 3028 ,Cn
2009 2980 2135 3028 not.
2166 2970 2390 3031 Graevii
2418 2972 2480 3033 in

262 3065 399 3127 edii.
429 3065 748 3126 Schrevel.
782 3068 978 3126 Amst.
1017 3065 1193 3127 1684.
1223 3086 1285 3145 p.
1316 3071 1477 3136 901.'
1522 3068 1670 3125 Haec
1698 3066 2050 3137 Henniuius,
2082 3067 2183 3146 qui
2210 3078 2272 3128 et
2300 3073 2481 3149 paulo

260 3172 392 3238 pust
418 3162 538 3222 ista
579 3161 893 3239 subjunxit
933 3163 1144 3222 verbu:
1211 3171 1227 3195 ‘
1259 3162 1551 3222 Dabimus
1580 3161 1730 3221 forte
1779 3161 2096 3242 aliquando
2140 3167 2480 3228 ,iuvenalem

257 3258 802 3319 emendatissimum
835 3259 1023 3319 forma
1056 3259 1385 3320 minuscula
1413 3280 1548 3319 cuin
1582 3261 1927 3338 Paraphrasi
1971 3281 2085 3320 non
2132 3263 2479 3338 umbratica,

255 3357 357 3416 sed
386 3356 720 3428 luculenta,
749 3377 783 3416 e
808 3358 1075 3436 regione3
1119 3359 1178 3417 iu
1210 3377 1329 3436 qua
1356 3357 1612 3418 editione
1653 3361 1728 3417 ad
1774 3359 1926 3418 hanc
1970 3361 2167 3438 quoad
2214 3381 2482 3422 numeros

254 3453 719 3516 accommodata
775 3453 849 3513 ad
918 3455 1095 3514 imam
1165 3455 1486 3533 marginem
1559 3454 1996 3533 diligentissime
2062 3458 2482 3518 annotabimus

253 3551 628 3610 varietatem
658 3550 956 3611 Lectionis
985 3573 1058 3611 ex
1088 3553 1255 3611 variis
1285 3552 1484 3613 Codd.
1512 3554 1683 3624 Mss„
1724 3573 1796 3612 cx
1828 3554 2098 3626 Excusis,
2149 3574 2220 3613 ex
2274 3555 2486 3614 Emen-

254 3642 630 3717 dationibus,
661 3668 734 3707 ex
762 3647 1184 3708 versionibus:
1232 3650 1488 3708 Nomina
1516 3649 1771 3728 propria,
1811 3650 2156 3728 singularia,
2185 3659 2246 3708 et
2272 3649 2486 3711 diffici-

252 3742 402 3801 liora
428 3744 493 3802 in
527 3745 838 3821 parvulum
869 3746 1125 3806 indicem
1153 3748 1432 3825 conjecta
1462 3747 1716 3806 breviter
1743 3745 2177 3805 euodabimus.’

330 3840 571 3899 Praeter
596 3860 718 3910 eos,
749 3861 904 3919 quos
934 3843 1259 3904 Herminius
1289 3842 1572 3913 laudavit,
1614 3842 1918 3902 Juvenaiis
1959 3842 2276 3904 editionem
2318 3865 2486 3926 para-

251 3945 430 3996 runt:
480 3953 642 3996 vlu.
682 3938 800 4000 JO.
846 3941 1453 4012 BURDELOTIUS,
1494 3942 1664 4018 cujus
1705 3951 1766 3999 et
1810 3940 2011 4001 Hadr.
2058 3939 2272 4002 Valesis'
2314 3954 2484 4005 notas

253 4034 327 4094 ad
353 4035 391 4093 J
401 4034 718 4094 menatem
746 4048 807 4095 et
834 4038 1097 4097 Persium
1134 4038 1192 4097 in
1221 4036 1415 4097 lucem
1452 4037 1788 4114 prodituras
1826 4037 2060 4098 Parisiis
2088 4041 2326 4118 scripsit
2352 4043 2483 4101 Jac.

252 4130 604 4192 Benaxdus
634 4132 693 4192 in
734 4134 1000 4193 Noveiiis
1043 4133 1215 4214 Reip.
1254 4132 1527 4192 literariae
1563 4153 1617 4193 a.
1667 4143 1842 4221 1700.
1872 4137 1951 4196 T.
1982 4154 2030 4196 1.
2060 4145 2121 4214 p.
2154 4144 2296 4203 357.
2385 4153 2484 4195 lx.

249 4226 424 4290 JAC.
472 4227 987 4306 THOMASIUS⁸
1025 4252 1063 4293 a
1110 4253 1231 4314 quo
1275 4241 1437 4293 certe
1483 4232 1824 4294 Juvenalem
1874 4253 2010 4294 cum
2067 4231 2208 4293 cod.
2253 4233 2374 4291 Ms.
2422 4240 2486 4290 et
