3050 4913
1179 388 1253 436 a.
1299 386 1572 438 nasu.
2347 379 2489 445 ml.

283 535 442 598 1494
481 528 708 588 Veneta
735 546 835 590 rx.
865 530 973 591 ful.
1004 531 1236 591 Persius
1263 551 1321 591 c.
1343 550 1403 590 n.
1430 532 1531 591 10.
1564 531 1710 592 Brit.
1738 541 1807 593 et
1827 533 1897 595 Β.
1927 532 2484 595 Pontii.-—Vanetiis

360 625 696 703 sumptibus
721 627 818 686 10.
847 627 923 687 de
942 627 1228 700 Tridinog
1278 628 1481 706 castig.
1510 647 1549 686 a
1576 629 1777 689 Barth.
1807 631 2059 692 Merula.

283 727 438 789 1495
480 721 704 781 Veneta
729 740 798 781 x.
823 722 926 784 sol.
955 725 1211 794 Persius,
1239 745 1294 784 c.
1324 726 1561 786 Comm.
1586 727 1662 785 B.
1689 726 1900 788 Pontii.

253 865 254 868 ,
285 822 440 885 1497
483 817 709 877 Veneta
731 835 833 880 x1.
852 818 955 879 fol.
984 821 1241 881 Persius.

1205 984 1430 1043 AETAS
1471 983 1553 1042 11.

276 1115 509 1179 PERSI
526 1122 554 1178 1
590 1129 982 1192 1499—1585
1009 1124 1294 1185 auctioris
1319 1125 1555 1185 scholiis
1583 1126 1900 1199 veteribus,
1930 1147 2067 1205 quoe
2104 1129 2216 1188 sub
2237 1130 2488 1190 Cornuti
2522 1169 2525 1170 ν

363 1214 599 1274 nomine
656 1216 933 1276 seruntur.
1044 1220 1133 1278 Ea
1198 1219 1469 1279 nimirum
1547 1228 1717 1291 1499.
1788 1221 2005 1298 primus
2072 1223 2319 1300 protulit
2385 1225 2480 1284 10.

360 1309 669 1370 Bonsrdus
718 1313 991 1372 sacerdos
1028 1315 1401 1385 Veronensis,
1449 1315 1591 1374 dein
1640 1317 1898 1376 curatius
1948 1318 2101 1377 Rob.
2145 1313 2485 1397 Stephanus

368 1415 543 1469 1544.
600 1407 982 1487 locupletiora
1042 1420 1236 1469 autem
1298 1410 1458 1468 Elias
1510 1411 1754 1471 Vinctus
1817 1410 1990 1473 1560.
2072 1414 2298 1472 Textus
2342 1433 2483 1473 vero

358 1502 495 1562 inde
534 1513 596 1563 et
647 1505 725 1564 ab
779 1505 995 1574 Aldina
1055 1513 1229 1565 1501.
1280 1507 1486 1583 (cujus
1530 1505 1649 1567 filia
1704 1508 1933 1568 videtur
1978 1509 2227 1570 Juntiua
2272 1515 2477 1583 1513.)

305 1629 309 1635 ·
354 1617 392 1657 a
454 1600 711 1660 Parisina
774 1600 1035 1670 Coliuaei,
1106 1600 1594 1680 Lugdunensibus
1663 1603 1799 1662 Seb.
1871 1604 2124 1683 Grypbii
2192 1612 2364 1664 1534.
2420 1616 2485 1665 et

359 1702 534 1757 1538.
617 1696 878 1757 Parisina
957 1698 1031 1756 R.
1112 1698 1394 1775 Stephani
1485 1705 1657 1761 1544.
1738 1698 2035 1758 Basiliensi
2110 1700 2483 1760 Frobeniana·

353 1791 527 1851 Coelii
567 1794 699 1853 Sec.
730 1794 1001 1854 Curionis
1048 1800 1224 1854 1551.
1267 1792 1619 1852 Pictaviensi
1659 1792 1873 1853 Vineti.
1908 1793 2082 1864 1560,
2117 1797 2478 1857 Flaminiana

359 1886 664 1947 Pulmanni
697 1889 872 1961 1⁵65,
902 1902 961 1948 et
984 1888 1160 1948 Basil.
1191 1888 1310 1947 Th.
1333 1887 1542 1964 Freigii
1567 1887 2080 1966 profecit.—-Novi
2104 1892 2480 1952 Commenta-

357 1991 520 2041 tores
570 2003 867 2046 accessere
914 1985 1020 2044 Pb.
1071 1983 1412 2055 Beroaldus,
1470 1994 1532 2043 et
1584 1986 1739 2062 Ang.
1782 1985 2104 2045 Politianus
2155 1994 2329 2056 1507.
2377 1988 2474 2047 10.

356 2079 722 2138 Murmellius
777 2079 1280 2149 Ruremundanus,
1326 2088 1387 2139 et
1430 2080 1529 2139 10.
1580 2080 1753 2158 nupt.
1799 2081 2063 2140 Plautius
2112 2080 2284 2141 1516.
2335 2081 2478 2142 Jod.

357 2174 575 2234 Badius
619 2175 933 2235 Ascensius
985 2181 1162 2237 1523.
1211 2174 1313 2252 qui
1362 2184 1424 2234 et
1469 2175 1703 2247 Plautii,
1757 2175 2089 2246 Murmellii,
2134 2177 2485 2251 Britannici,

305 2285 313 2311 ²
359 2269 490 2329 AElii
518 2273 663 2330 Ant.
691 2271 1091 2331 Nebrissensis
1136 2290 1207 2330 ac
1250 2271 1349 2332 10.
1394 2273 1655 2350 Scoppae
1689 2271 1846 2330 curis
1897 2289 2031 2331 suas
2072 2273 2311 2332 leviores
2338 2292 2488 2333 con·

348 2365 679 2441 junctiores
704 2367 910 2438 edidit,
951 2377 1013 2426 et
1053 2368 1132 2426 ab
1174 2386 1271 2425 an.
1320 2373 1474 2426 1525
1505 2367 1708 2426 Herm.
1742 2368 2047 2436 Buschius‚
2091 2368 2264 2444 cujus
2312 2359 2477 2427 obss.

355 2463 416 2520 in
446 2463 568 2522 Sat.
602 2480 650 2523 1.
681 2464 1107 2523 Murmelliauae
1149 2463 1287 2523 edd.
1333 2463 1444 2522 sibi
1483 2462 1870 2535 vindicarunt,
1920 2474 1980 2522 et
2028 2467 2169 2523 Des.
2201 2465 2485 2522 Erasmus

354 2558 641 2618 Boterod.
684 2560 1056 2620 Ascensianae
1085 2559 1203 2619 filia
1227 2560 1434 2619 melior
1457 2568 1548 2618 est
1581 2559 1938 2618 Frobeniana
1963 2558 2266 2628 Curionis:
2299 2579 2493 2639 quem*

354 2656 593 2731 excepit
627 2674 816 2714 novus
865 2659 1307 2715 Commentator
1357 2657 1497 2715 Ant.
1550 2655 1925 2733 Foquelinus.
1989 2655 2260 2732 Denique
2311 2644 2481 2731 para-

356 2749 612 2828 phrastae
642 2771 851 2810 munus
872 2752 980 2810 sibi
1002 2753 1208 2812 sumsit
1237 2753 1372 2813 Nic.
1401 2751 1777 2811 Frisclilinus.
1819 2751 2116 2809 Tacemns
2144 2750 2308 2809 alios.
2497 2816 2509 2828 ι

284 2854 442 2918 1499
481 2848 700 2906 Veneta
729 2864 861 2907 xn.
890 2864 1026 2907 curn
1055 2847 1317 2926 picturis,
1351 2845 1456 2906 fol.
1495 2846 1907 2905 Persius-'cum
1957 2848 2188 2906 Comm.
2217 2846 2479 2906 ‘Cornuti

357 2942 706 3021 philosophi,
735 2945 834 3004 10.
864 2944 1181 3003 Britannici
1202 2954 1263 3003 et
1290 2944 1494 3003 Barth.
1530 2942 1821 3002 Pontii-⁶
1850 2944 2199 3019 Impressum
2224 2942 2483 3001 Venetiis

356 3049 597 3116 sumptu
641 3040 1058 3119 diligentissimi
1104 3041 1205 3098 viri
1251 3039 1492 3100 Ioannis
1548 3038 1624 3097 de
1669 3037 2104 3098 ‘ffidino.’—-ln
2153 3037 2343 3113 hujus·
2384 3037 2486 3111 ed,

358 3134 556 3210 eapite
581 3145 673 3194 est
697 3135 868 3214 epist.
897 3136 993 3195 10.
1024 3136 1297 3205 Bonardi,
1326 3132 1648 3194 sacerdotis
1677 3132 2027 3192 Veronensis
2072 3130 2146 3190 ad
2191 3132 2479 3209 Angelum

355 3228 726 3299 Marcellum,
758 3229 1074 3288 Patricium
1102 3232 1429 3290 venetum:
1470 3230 1532 3286 in
1560 3247 1676 3305 qua
1704 3249 1766 3287 se
1793 3228 1940 3287 dicit
1969 3227 2214 3287 Cornuti
2242 3228 2489 3288 Comm.

358 3321 462 3382 diu
492 3324 745 3384 lacerum
773 3333 833 3383 et
863 3324 1032 3383 valde
1051 3325 1429 3402 depravatum
1452 3344 1699 3402 operosa
1728 3324 2014 3383 industria
2034 3343 2135 3382 sua
2159 3323 2479 3382 restituisse

356 3429 419 3478 et
445 3420 711 3478 Tacuino
739 3410 1183 3497 exprimendum
1213 3418 1460 3478 dedisse.
1530 3421 1785 3479 Extabat
1808 3420 1899 3478 bis
1928 3420 1986 3479 in
2016 3419 2158 3478 clar.
2188 3420 2287 3478 JO.
2321 3421 2477 3496 Aug.

251 3568 252 3571 ,
360 3515 618 3574 Ernestii
646 3516 800 3575 Bibl.
831 3525 980 3575 teste
1011 3517 1199 3576 Catal.
1230 3536 1292 3594 p.
1328 3525 1461 3584 172.
1493 3535 1553 3575 n.
1582 3517 1761 3576 2565.
1790 3526 1853 3575 et
1880 3523 2061 3587 2595.

283 3618 445 3672 1500
485 3610 752 3689 Lugdun.
785 3622 844 3671 4.
876 3613 1107 3672 Persius
1134 3635 1190 3672 c.
1225 3615 1458 3672 Comm.
1486 3613 1582 3671 Jo.
1629 3614 1967 3674 Britannici.
2039 3614 2217 3672 Extat
2241 3611 2299 3669 in
2328 3609 2484 3672 Bibl.

361 3707 668 3784 Archipal.
698 3710 999 3769 Manhem.

272 3832 358 3847 --
385 3802 696 3861 Brixiensis
726 3820 818 3862 lv.
850 3804 952 3862 fol.
986 3805 1212 3863 Persius
1252 3823 1310 3863 c.
1339 3807 1573 3865 Comm.
1618 3806 1714 3867 10.
1766 3805 2086 3864 Britannici
2127 3813 2188 3863 et
2231 3824 2303 3864 ex
2345 3804 2478 3881 ejus

361 3899 796 3976 recognitione:
841 3921 944 3978 per
967 3902 1100 3960 Jac.
1131 3902 1551 3961 Britannicum.

280 4001 437 4055 1502
482 3995 722 4075 Lipsiae,
775 3996 876 4056 sol.
923 3999 1180 4058 Persius.
1239 3999 1372 4058 vid.
1436 4001 1652 4057 Goetze
1710 3996 2307 4076 Merkwiirdigkeiten
2374 3995 2481 4054 der

291 4098 300 4107 “
357 4093 653 4153 Dresdner
672 4092 826 4153 Bibl.
855 4095 933 4154 Τ.
963 4111 1073 4155 ιιι.
1104 4115 1168 4174 p.
1198 4103 1422 4169 179-,11-
1455 4102 1595 4164 219.

279 4187 440 4249 1506
477 4189 670 4268 Lugd.¹
699 4200 755 4252 8.
786 4191 1016 4252 Persius
1042 4213 1099 4253 c.
1127 4192 1361 4271 interpr.
1411 4193 1511 4255 10.
1546 4190 1890 4261 Britannici.
1952 4190 2209 4251 Extabat
2234 4184 2479 4247 iambl.
