<?xml version="1.0" encoding="UTF-8"?>
<!DOCTYPE html PUBLIC "-//W3C//DTD XHTML 1.0 Transitional//EN"
    "http://www.w3.org/TR/xhtml1/DTD/xhtml1-transitional.dtd">
<html xmlns="http://www.w3.org/1999/xhtml" xml:lang="en" lang="en">
 <head>
  <title>
</title>
<meta http-equiv="Content-Type" content="text/html;charset=utf-8" />
  <meta name='ocr-system' content='tesseract 3.04.00' />
  <meta name='ocr-capabilities' content='ocr_page ocr_carea ocr_par ocr_line ocrx_word'/>
</head>
<body>
  <div class='ocr_page' id='page_1' title='image "./operaomniavolum00juvegoog/operaomniavolum00juvegoog_0440.png"; bbox 0 0 3050 4913; ppageno 0'>
   <div class='ocr_carea' id='block_1_1' title="bbox 549 370 682 438">
    <p class='ocr_par' dir='ltr' id='par_1_1' title="bbox 549 370 682 438">
     <span class='ocr_line' id='line_1_1' title="bbox 549 370 682 438; baseline 0 0"><span class='ocrx_word' id='word_1_1' title='bbox 549 370 682 438; x_wconf 76' lang='lat'>152</span> 
     </span>
    </p>
   </div>
   <div class='ocr_carea' id='block_1_2' title="bbox 1308 384 1991 437">
    <p class='ocr_par' dir='ltr' id='par_1_2' title="bbox 1308 384 1991 437">
     <span class='ocr_line' id='line_1_2' title="bbox 1308 384 1991 437; baseline -0.003 -1"><span class='ocrx_word' id='word_1_2' title='bbox 1308 385 1382 437; x_wconf 71' lang='grc' dir='ltr'>Α.</span> <span class='ocrx_word' id='word_1_3' title='bbox 1428 384 1677 436; x_wconf 69' lang='grc' dir='ltr'><strong>ΡΒΒΒῙῙ</strong></span> <span class='ocrx_word' id='word_1_4' title='bbox 1726 384 1991 435; x_wconf 68' lang='lat' dir='ltr'>maAccl</span> 
     </span>
    </p>
   </div>
   <div class='ocr_carea' id='block_1_3' title="bbox 532 529 2751 861">
    <p class='ocr_par' dir='ltr' id='par_1_3' title="bbox 532 529 2751 861">
     <span class='ocr_line' id='line_1_3' title="bbox 548 529 2538 617; baseline 0 -20"><span class='ocrx_word' id='word_1_5' title='bbox 548 531 929 599; x_wconf 74' lang='lat' dir='ltr'>praeteritos</span> <span class='ocrx_word' id='word_1_6' title='bbox 954 531 1271 598; x_wconf 72' lang='lat' dir='ltr'>meditort·</span> <span class='ocrx_word' id='word_1_7' title='bbox 1286 530 1622 617; x_wconf 78' lang='lat' dir='ltr'>(crudum&#39;</span> <span class='ocrx_word' id='word_1_8' title='bbox 1637 529 2118 596; x_wconf 65' lang='lat' dir='ltr'>chaemstratus</span> <span class='ocrx_word' id='word_1_9' title='bbox 2139 530 2423 614; x_wconf 73' lang='lat' dir='ltr'>unguem</span> <span class='ocrx_word' id='word_1_10' title='bbox 2533 542 2538 546; x_wconf 75' lang='grc'><em>’</em></span> 
     </span>
     <span class='ocr_line' id='line_1_4' title="bbox 548 632 2277 715; baseline -0.002 -15"><span class='ocrx_word' id='word_1_11' title='bbox 548 632 899 700; x_wconf 86' lang='lat' dir='ltr'>Abrodens</span> <span class='ocrx_word' id='word_1_12' title='bbox 928 636 1022 701; x_wconf 80' lang='lat' dir='ltr'>ait</span> <span class='ocrx_word' id='word_1_13' title='bbox 1043 634 1244 715; x_wconf 81' lang='lat' dir='ltr'>haec.)</span> <span class='ocrx_word' id='word_1_14' title='bbox 1328 633 1441 699; x_wconf 81' lang='lat' dir='ltr'>An</span> <span class='ocrx_word' id='word_1_15' title='bbox 1466 635 1670 699; x_wconf 81' lang='lat' dir='ltr'>siccis</span> <span class='ocrx_word' id='word_1_16' title='bbox 1700 633 1987 698; x_wconf 80' lang='lat' dir='ltr'><strong>dedecus</strong></span> <span class='ocrx_word' id='word_1_17' title='bbox 2018 633 2277 699; x_wconf 74' lang='lat' dir='ltr'>obstem</span> 
     </span>
     <span class='ocr_line' id='line_1_5' title="bbox 532 789 2751 861; baseline -0.002 -14"><span class='ocrx_word' id='word_1_18' title='bbox 532 794 686 860; x_wconf 66' lang='lat' dir='ltr'>finon</span> <span class='ocrx_word' id='word_1_19' title='bbox 705 795 939 861; x_wconf 74' lang='grc' dir='ltr'>ἱιιιρσιιενε</span> <span class='ocrx_word' id='word_1_20' title='bbox 956 796 1300 861; x_wconf 62' lang='lat' dir='ltr'>qamt-imam</span> <span class='ocrx_word' id='word_1_21' title='bbox 1315 793 1557 860; x_wconf 61' lang='lat' dir='ltr'>prioribus</span> <span class='ocrx_word' id='word_1_22' title='bbox 1574 790 1820 842; x_wconf 71' lang='lat' dir='ltr'>nolestiis.</span> <span class='ocrx_word' id='word_1_23' title='bbox 1887 790 2131 856; x_wconf 65' lang='lat' dir='ltr'>Numquid</span> <span class='ocrx_word' id='word_1_24' title='bbox 2167 805 2267 856; x_wconf 70' lang='lat' dir='ltr'>ego</span> <span class='ocrx_word' id='word_1_25' title='bbox 2283 789 2506 856; x_wconf 66' lang='lat' dir='ltr'>probru</span> <span class='ocrx_word' id='word_1_26' title='bbox 2525 790 2751 842; x_wconf 71' lang='grc' dir='ltr'>οδιίιιαιι</span> 
     </span>
    </p>
   </div>
   <div class='ocr_carea' id='block_1_4' title="bbox 1319 1043 1954 1098">
    <p class='ocr_par' dir='ltr' id='par_1_4' title="bbox 1319 1043 1954 1098">
     <span class='ocr_line' id='line_1_6' title="bbox 1319 1043 1954 1098; baseline -0.005 0"><span class='ocrx_word' id='word_1_27' title='bbox 1319 1051 1414 1098; x_wconf 77' lang='lat' dir='ltr'>los</span> <span class='ocrx_word' id='word_1_28' title='bbox 1446 1047 1673 1096; x_wconf 72' lang='lat' dir='ltr'>amam</span> <span class='ocrx_word' id='word_1_29' title='bbox 1701 1044 1806 1095; x_wconf 81' lang='lat' dir='ltr'>Ms.</span> <span class='ocrx_word' id='word_1_30' title='bbox 1829 1043 1954 1095; x_wconf 85' lang='lat' dir='ltr'>Gal.</span> 
     </span>
    </p>
   </div>
   <div class='ocr_carea' id='block_1_5' title="bbox 1527 1190 1740 1241">
    <p class='ocr_par' dir='ltr' id='par_1_5' title="bbox 1527 1190 1740 1241">
     <span class='ocr_line' id='line_1_7' title="bbox 1527 1190 1740 1241; baseline -0.014 0"><span class='ocrx_word' id='word_1_31' title='bbox 1527 1190 1740 1241; x_wconf 75' lang='lat' dir='ltr'>NOTAE</span> 
     </span>
    </p>
   </div>
   <div class='ocr_carea' id='block_1_6' title="bbox 515 1287 1607 3340">
    <p class='ocr_par' dir='ltr' id='par_1_6' title="bbox 515 1287 1607 3340">
     <span class='ocr_line' id='line_1_8' title="bbox 540 1287 1605 1353; baseline 0.001 -16"><span class='ocrx_word' id='word_1_32' title='bbox 540 1287 615 1337; x_wconf 69' lang='lat' dir='ltr'>tm</span> <span class='ocrx_word' id='word_1_33' title='bbox 638 1294 718 1340; x_wconf 87' lang='lat' dir='ltr'>est</span> <span class='ocrx_word' id='word_1_34' title='bbox 752 1287 1149 1353; x_wconf 76' lang='lat' dir='ltr'>Cliaerestratus,</span> <span class='ocrx_word' id='word_1_35' title='bbox 1184 1289 1304 1340; x_wconf 83' lang='lat' dir='ltr'>hnic</span> <span class='ocrx_word' id='word_1_36' title='bbox 1342 1290 1605 1341; x_wconf 88' lang='lat' dir='ltr'>Parmeno</span> 
     </span>
     <span class='ocr_line' id='line_1_9' title="bbox 543 1364 1603 1429; baseline 0 -15"><span class='ocrx_word' id='word_1_37' title='bbox 543 1372 646 1426; x_wconf 86' lang='lat' dir='ltr'>est,</span> <span class='ocrx_word' id='word_1_38' title='bbox 687 1364 762 1414; x_wconf 88' lang='lat' dir='ltr'>illi</span> <span class='ocrx_word' id='word_1_39' title='bbox 817 1365 1012 1429; x_wconf 82' lang='lat' dir='ltr'>Davus,</span> <span class='ocrx_word' id='word_1_40' title='bbox 1054 1365 1299 1416; x_wconf 82' lang='lat' dir='ltr'>Persouae</span> <span class='ocrx_word' id='word_1_41' title='bbox 1355 1367 1603 1417; x_wconf 81' lang='lat' dir='ltr'>Comicae.</span> 
     </span>
     <span class='ocr_line' id='line_1_10' title="bbox 545 1439 1431 1493; baseline -0.001 0"><span class='ocrx_word' id='word_1_42' title='bbox 545 1439 701 1493; x_wconf 82' lang='lat' dir='ltr'>Quod</span> <span class='ocrx_word' id='word_1_43' title='bbox 722 1445 778 1490; x_wconf 85' lang='lat' dir='ltr'>et</span> <span class='ocrx_word' id='word_1_44' title='bbox 797 1442 1065 1492; x_wconf 72' lang='lat' dir='ltr'><strong>annotavit</strong></span> <span class='ocrx_word' id='word_1_45' title='bbox 1085 1449 1238 1492; x_wconf 77' lang='lat' dir='ltr'>vetus</span> <span class='ocrx_word' id='word_1_46' title='bbox 1262 1442 1431 1492; x_wconf 78' lang='lat' dir='ltr'>schol.</span> 
     </span>
     <span class='ocr_line' id='line_1_11' title="bbox 608 1516 1607 1582; baseline 0 -16"><span class='ocrx_word' id='word_1_47' title='bbox 608 1516 768 1580; x_wconf 74' lang='lat' dir='ltr'>Dave]</span> <span class='ocrx_word' id='word_1_48' title='bbox 819 1518 1023 1568; x_wconf 83' lang='lat' dir='ltr'>Nomen</span> <span class='ocrx_word' id='word_1_49' title='bbox 1059 1518 1196 1567; x_wconf 84' lang='lat' dir='ltr'>servi</span> <span class='ocrx_word' id='word_1_50' title='bbox 1217 1517 1355 1582; x_wconf 88' lang='lat' dir='ltr'>apud</span> <span class='ocrx_word' id='word_1_51' title='bbox 1389 1517 1607 1567; x_wconf 82' lang='lat' dir='ltr'>Meuan-</span> 
     </span>
     <span class='ocr_line' id='line_1_12' title="bbox 538 1586 1606 1644; baseline 0.001 -4"><span class='ocrx_word' id='word_1_52' title='bbox 538 1589 693 1643; x_wconf 79' lang='lat' dir='ltr'>dmm</span> <span class='ocrx_word' id='word_1_53' title='bbox 774 1592 1147 1644; x_wconf 70' lang='lat' dir='ltr'>Atheniensem</span> <span class='ocrx_word' id='word_1_54' title='bbox 1229 1586 1606 1643; x_wconf 81' lang='lat' dir='ltr'>Comoediarum</span> 
     </span>
     <span class='ocr_line' id='line_1_13' title="bbox 539 1666 1607 1733; baseline 0.001 -17"><span class='ocrx_word' id='word_1_55' title='bbox 539 1666 864 1732; x_wconf 80' lang='lat' dir='ltr'>scriptorem.</span> <span class='ocrx_word' id='word_1_56' title='bbox 950 1667 1124 1717; x_wconf 83' lang='lat' dir='ltr'>Servis</span> <span class='ocrx_word' id='word_1_57' title='bbox 1165 1668 1304 1733; x_wconf 88' lang='lat' dir='ltr'>apud</span> <span class='ocrx_word' id='word_1_58' title='bbox 1347 1670 1607 1719; x_wconf 88' lang='lat' dir='ltr'>Romanos</span> 
     </span>
     <span class='ocr_line' id='line_1_14' title="bbox 541 1741 1605 1808; baseline 0.003 -18"><span class='ocrx_word' id='word_1_59' title='bbox 541 1743 748 1793; x_wconf 88' lang='lat' dir='ltr'>nomina</span> <span class='ocrx_word' id='word_1_60' title='bbox 768 1743 880 1793; x_wconf 65' lang='lat' dir='ltr'>hec</span> <span class='ocrx_word' id='word_1_61' title='bbox 912 1741 1221 1808; x_wconf 76' lang='lat' dir='ltr'>frequentia,</span> <span class='ocrx_word' id='word_1_62' title='bbox 1257 1745 1475 1806; x_wconf 77' lang='lat' dir='ltr'>Statius,</span> <span class='ocrx_word' id='word_1_63' title='bbox 1509 1745 1605 1794; x_wconf 89' lang='lat' dir='ltr'>Di·</span> 
     </span>
     <span class='ocr_line' id='line_1_15' title="bbox 539 1818 1607 1884; baseline 0.002 -17"><span class='ocrx_word' id='word_1_64' title='bbox 539 1819 764 1884; x_wconf 77' lang='lat' dir='ltr'>onysius,</span> <span class='ocrx_word' id='word_1_65' title='bbox 796 1820 1020 1882; x_wconf 78' lang='lat' dir='ltr'>Stichus,</span> <span class='ocrx_word' id='word_1_66' title='bbox 1056 1820 1234 1870; x_wconf 82' lang='lat' dir='ltr'>Hera:</span> <span class='ocrx_word' id='word_1_67' title='bbox 1286 1820 1423 1869; x_wconf 86' lang='lat' dir='ltr'>sicut</span> <span class='ocrx_word' id='word_1_68' title='bbox 1445 1818 1607 1869; x_wconf 81' lang='lat' dir='ltr'>Athe-</span> 
     </span>
     <span class='ocr_line' id='line_1_16' title="bbox 520 1894 1607 1962; baseline 0.001 -19"><span class='ocrx_word' id='word_1_69' title='bbox 520 1894 637 1958; x_wconf 80' lang='lat' dir='ltr'>·nis,</span> <span class='ocrx_word' id='word_1_70' title='bbox 670 1895 872 1960; x_wconf 80' lang='lat' dir='ltr'>Davus,</span> <span class='ocrx_word' id='word_1_71' title='bbox 893 1895 1054 1958; x_wconf 84' lang='lat' dir='ltr'>Geta,</span> <span class='ocrx_word' id='word_1_72' title='bbox 1089 1911 1158 1947; x_wconf 82' lang='lat' dir='ltr'>ex</span> <span class='ocrx_word' id='word_1_73' title='bbox 1186 1911 1289 1962; x_wconf 87' lang='lat' dir='ltr'>quo</span> <span class='ocrx_word' id='word_1_74' title='bbox 1327 1896 1484 1958; x_wconf 87' lang='lat' dir='ltr'>Daci,</span> <span class='ocrx_word' id='word_1_75' title='bbox 1519 1894 1607 1960; x_wconf 88' lang='lat' dir='ltr'>qui</span> 
     </span>
     <span class='ocr_line' id='line_1_17' title="bbox 540 1970 1602 2036; baseline -0.001 -16"><span class='ocrx_word' id='word_1_76' title='bbox 540 1979 695 2021; x_wconf 87' lang='lat' dir='ltr'>antea</span> <span class='ocrx_word' id='word_1_77' title='bbox 732 1973 889 2036; x_wconf 84' lang='lat' dir='ltr'>Davi,</span> <span class='ocrx_word' id='word_1_78' title='bbox 935 1971 1087 2023; x_wconf 75' lang='lat' dir='ltr'>bello·</span> <span class='ocrx_word' id='word_1_79' title='bbox 1110 1972 1310 2023; x_wconf 86' lang='lat' dir='ltr'>subacti</span> <span class='ocrx_word' id='word_1_80' title='bbox 1362 1970 1602 2022; x_wconf 83' lang='lat' dir='ltr'>fuerant:</span> 
     </span>
     <span class='ocr_line' id='line_1_18' title="bbox 520 2046 1606 2113; baseline 0 -17"><span class='ocrx_word' id='word_1_81' title='bbox 520 2048 678 2111; x_wconf 86' lang='lat' dir='ltr'>-apud</span> <span class='ocrx_word' id='word_1_82' title='bbox 703 2047 879 2112; x_wconf 81' lang='lat' dir='ltr'>Syros,</span> <span class='ocrx_word' id='word_1_83' title='bbox 901 2049 1106 2098; x_wconf 84' lang='lat' dir='ltr'>Dama:</span> <span class='ocrx_word' id='word_1_84' title='bbox 1159 2049 1216 2098; x_wconf 89' lang='lat' dir='ltr'>iu</span> <span class='ocrx_word' id='word_1_85' title='bbox 1247 2046 1606 2113; x_wconf 78' lang='lat' dir='ltr'>Paphlagonia</span> 
     </span>
     <span class='ocr_line' id='line_1_19' title="bbox 522 2122 1605 2189; baseline 0 -18"><span class='ocrx_word' id='word_1_86' title='bbox 522 2123 736 2187; x_wconf 81' lang='lat' dir='ltr'>.Tybius</span> <span class='ocrx_word' id='word_1_87' title='bbox 759 2139 773 2171; x_wconf 74' lang='grc' dir='ltr'>ι</span> <span class='ocrx_word' id='word_1_88' title='bbox 825 2123 963 2188; x_wconf 88' lang='lat' dir='ltr'>apud</span> <span class='ocrx_word' id='word_1_89' title='bbox 999 2123 1255 2189; x_wconf 70' lang='lat' dir='ltr'>Phryges,</span> <span class='ocrx_word' id='word_1_90' title='bbox 1278 2124 1480 2185; x_wconf 80' lang='lat' dir='ltr'>Manes,</span> <span class='ocrx_word' id='word_1_91' title='bbox 1501 2122 1605 2172; x_wconf 81' lang='lat' dir='ltr'>Mi-</span> 
     </span>
     <span class='ocr_line' id='line_1_20' title="bbox 522 2198 1604 2262; baseline 0 -15"><span class='ocrx_word' id='word_1_92' title='bbox 522 2199 635 2247; x_wconf 74' lang='lat' dir='ltr'>-daz</span> <span class='ocrx_word' id='word_1_93' title='bbox 663 2198 1087 2262; x_wconf 63' lang='lat' dir='ltr'>lacedemoniis,</span> <span class='ocrx_word' id='word_1_94' title='bbox 1108 2198 1334 2248; x_wconf 86' lang='lat' dir='ltr'>Helota:</span> <span class='ocrx_word' id='word_1_95' title='bbox 1373 2198 1604 2262; x_wconf 76' lang='lat' dir='ltr'>Argivis,</span> 
     </span>
     <span class='ocr_line' id='line_1_21' title="bbox 518 2274 1605 2340; baseline 0.001 -16"><span class='ocrx_word' id='word_1_96' title='bbox 518 2274 833 2337; x_wconf 65' lang='lat' dir='ltr'>-Gymnetm</span> <span class='ocrx_word' id='word_1_97' title='bbox 868 2275 1223 2339; x_wconf 72' lang='lat' dir='ltr'>Cretensibus,</span> <span class='ocrx_word' id='word_1_98' title='bbox 1253 2277 1605 2340; x_wconf 85' lang='lat' dir='ltr'>Epharmiota,</span> 
     </span>
     <span class='ocr_line' id='line_1_22' title="bbox 520 2350 1600 2418; baseline 0.004 -17"><span class='ocrx_word' id='word_1_99' title='bbox 520 2350 769 2415; x_wconf 76' lang='lat' dir='ltr'>Clarota,</span> <span class='ocrx_word' id='word_1_100' title='bbox 792 2352 977 2403; x_wconf 79' lang='lat' dir='ltr'>Mnota</span> <span class='ocrx_word' id='word_1_101' title='bbox 1002 2370 1015 2403; x_wconf 69' lang='grc' dir='ltr'>ι</span> <span class='ocrx_word' id='word_1_102' title='bbox 1058 2353 1328 2418; x_wconf 66' lang='lat' dir='ltr'>&#39;thess-lis,</span> <span class='ocrx_word' id='word_1_103' title='bbox 1348 2353 1600 2405; x_wconf 69' lang='lat' dir='ltr'>Penestae</span> 
     </span>
     <span class='ocr_line' id='line_1_23' title="bbox 516 2430 1603 2499; baseline 0.005 -18"><span class='ocrx_word' id='word_1_104' title='bbox 516 2430 887 2499; x_wconf 79' lang='lat' dir='ltr'>-Syracusanis,</span> <span class='ocrx_word' id='word_1_105' title='bbox 927 2435 1279 2487; x_wconf 78' lang='lat' dir='ltr'>Eustatonus:</span> <span class='ocrx_word' id='word_1_106' title='bbox 1329 2434 1603 2499; x_wconf 81' lang='lat' dir='ltr'>Sicyoniis,</span> 
     </span>
     <span class='ocr_line' id='line_1_24' title="bbox 537 2508 1602 2577; baseline 0.002 -18"><span class='ocrx_word' id='word_1_107' title='bbox 537 2508 968 2574; x_wconf 75' lang='lat' dir='ltr'>Corynephorus:</span> <span class='ocrx_word' id='word_1_108' title='bbox 1032 2512 1375 2562; x_wconf 79' lang='lat' dir='ltr'>Mariandiuis</span> <span class='ocrx_word' id='word_1_109' title='bbox 1416 2512 1602 2577; x_wconf 87' lang='lat' dir='ltr'>Bithy·</span> 
     </span>
     <span class='ocr_line' id='line_1_25' title="bbox 534 2583 1600 2654; baseline 0.005 -21"><span class='ocrx_word' id='word_1_110' title='bbox 534 2583 638 2635; x_wconf 73' lang='lat' dir='ltr'>nioe</span> <span class='ocrx_word' id='word_1_111' title='bbox 662 2586 885 2651; x_wconf 89' lang='lat' dir='ltr'>populis,</span> <span class='ocrx_word' id='word_1_112' title='bbox 926 2588 1297 2654; x_wconf 79' lang='lat' dir='ltr'>Doryphorus,-</span> <span class='ocrx_word' id='word_1_113' title='bbox 1319 2592 1421 2638; x_wconf 73' lang='grc' dir='ltr'>διο.</span> <span class='ocrx_word' id='word_1_114' title='bbox 1443 2589 1600 2640; x_wconf 83' lang='lat' dir='ltr'><strong>Alex.</strong></span> 
     </span>
     <span class='ocr_line' id='line_1_26' title="bbox 533 2659 1578 2713; baseline 0.004 -3"><span class='ocrx_word' id='word_1_115' title='bbox 533 2659 602 2711; x_wconf 81' lang='lat' dir='ltr'>ab</span> <span class='ocrx_word' id='word_1_116' title='bbox 620 2660 774 2712; x_wconf 83' lang='lat' dir='ltr'>Alex.</span> <span class='ocrx_word' id='word_1_117' title='bbox 796 2675 882 2712; x_wconf 89' lang='grc' dir='ltr'>ιιι.</span> <span class='ocrx_word' id='word_1_118' title='bbox 904 2667 987 2713; x_wconf 78' lang='lat'>20.</span> <span class='ocrx_word' id='word_1_119' title='bbox 1496 2667 1528 2696; x_wconf 73' lang='lat'>¹*</span> <span class='ocrx_word' id='word_1_120' title='bbox 1571 2697 1578 2704; x_wconf 79' lang='lat'><strong>·</strong></span> 
     </span>
     <span class='ocr_line' id='line_1_27' title="bbox 517 2737 1603 2802; baseline 0.007 -18"><span class='ocrx_word' id='word_1_121' title='bbox 517 2774 527 2784; x_wconf 88' lang='lat'>.</span> <span class='ocrx_word' id='word_1_122' title='bbox 604 2737 769 2788; x_wconf 65' lang='lat' dir='ltr'>finire</span> <span class='ocrx_word' id='word_1_123' title='bbox 791 2738 992 2802; x_wconf 78' lang='lat' dir='ltr'>dolores]</span> <span class='ocrx_word' id='word_1_124' title='bbox 1048 2738 1300 2790; x_wconf 84' lang='lat' dir='ltr'>Nuntium</span> <span class='ocrx_word' id='word_1_125' title='bbox 1332 2740 1603 2792; x_wconf 77' lang='lat' dir='ltr'>remittere</span> 
     </span>
     <span class='ocr_line' id='line_1_28' title="bbox 534 2813 1601 2878; baseline 0.006 -16"><span class='ocrx_word' id='word_1_126' title='bbox 534 2813 810 2878; x_wconf 77' lang='lat' dir='ltr'>amoribus,</span> <span class='ocrx_word' id='word_1_127' title='bbox 831 2814 922 2878; x_wconf 84' lang='lat' dir='ltr'>qui</span> <span class='ocrx_word' id='word_1_128' title='bbox 943 2814 1065 2864; x_wconf 82' lang='lat' dir='ltr'>mihi</span> <span class='ocrx_word' id='word_1_129' title='bbox 1103 2821 1224 2865; x_wconf 90' lang='lat' dir='ltr'>sunt</span> <span class='ocrx_word' id='word_1_130' title='bbox 1254 2822 1335 2866; x_wconf 90' lang='lat' dir='ltr'>tot</span> <span class='ocrx_word' id='word_1_131' title='bbox 1366 2816 1601 2868; x_wconf 89' lang='lat' dir='ltr'>dolorum</span> 
     </span>
     <span class='ocr_line' id='line_1_29' title="bbox 516 2887 1600 2944; baseline 0.006 -8"><span class='ocrx_word' id='word_1_132' title='bbox 516 2901 725 2944; x_wconf 62' lang='lat' dir='ltr'>¹causan.</span> <span class='ocrx_word' id='word_1_133' title='bbox 813 2887 925 2937; x_wconf 87' lang='lat' dir='ltr'>Hos</span> <span class='ocrx_word' id='word_1_134' title='bbox 964 2887 1184 2939; x_wconf 88' lang='lat' dir='ltr'>Plautus</span> <span class='ocrx_word' id='word_1_135' title='bbox 1219 2890 1273 2939; x_wconf 86' lang='lat' dir='ltr'>in</span> <span class='ocrx_word' id='word_1_136' title='bbox 1317 2891 1600 2943; x_wconf 73' lang='lat' dir='ltr'>Mercator.</span> 
     </span>
     <span class='ocr_line' id='line_1_30' title="bbox 532 2961 1600 3030; baseline 0.007 -19"><span class='ocrx_word' id='word_1_137' title='bbox 532 2961 764 3026; x_wconf 67' lang='lat' dir='ltr'>Prologo</span> <span class='ocrx_word' id='word_1_138' title='bbox 799 2962 875 3014; x_wconf 81' lang='lat' dir='ltr'>sic</span> <span class='ocrx_word' id='word_1_139' title='bbox 924 2965 1260 3030; x_wconf 70' lang='lat' dir='ltr'>perstringit:</span> <span class='ocrx_word' id='word_1_140' title='bbox 1317 2967 1333 2994; x_wconf 93' lang='lat'>‘</span> <span class='ocrx_word' id='word_1_141' title='bbox 1351 2966 1600 3019; x_wconf 83' lang='lat' dir='ltr'>Amorem</span> 
     </span>
     <span class='ocr_line' id='line_1_31' title="bbox 528 3039 1599 3109; baseline 0.007 -20"><span class='ocrx_word' id='word_1_142' title='bbox 528 3039 649 3089; x_wconf 70' lang='lat' dir='ltr'>hoc</span> <span class='ocrx_word' id='word_1_143' title='bbox 669 3046 862 3094; x_wconf 86' lang='lat' dir='ltr'>cuncta</span> <span class='ocrx_word' id='word_1_144' title='bbox 881 3040 1009 3092; x_wconf 79' lang='lat' dir='ltr'>vitia</span> <span class='ocrx_word' id='word_1_145' title='bbox 1027 3043 1218 3093; x_wconf 85' lang='lat' dir='ltr'>sectari</span> <span class='ocrx_word' id='word_1_146' title='bbox 1239 3043 1426 3108; x_wconf 83' lang='lat' dir='ltr'>solent,</span> <span class='ocrx_word' id='word_1_147' title='bbox 1445 3045 1599 3109; x_wconf 82' lang='lat' dir='ltr'>Oura,</span> 
     </span>
     <span class='ocr_line' id='line_1_32' title="bbox 533 3114 1598 3184; baseline 0.008 -21"><span class='ocrx_word' id='word_1_148' title='bbox 533 3114 807 3179; x_wconf 65' lang='lat' dir='ltr'>agritudo,</span> <span class='ocrx_word' id='word_1_149' title='bbox 856 3116 1118 3183; x_wconf 86' lang='lat' dir='ltr'>nimiaque</span> <span class='ocrx_word' id='word_1_150' title='bbox 1183 3118 1459 3184; x_wconf 77' lang='lat' dir='ltr'>elegantia,</span> <span class='ocrx_word' id='word_1_151' title='bbox 1497 3124 1598 3172; x_wconf 72' lang='grc' dir='ltr'>διο.</span> 
     </span>
     <span class='ocr_line' id='line_1_33' title="bbox 515 3185 1597 3262; baseline 0.007 -23"><span class='ocrx_word' id='word_1_152' title='bbox 515 3185 638 3240; x_wconf 75' lang='lat' dir='ltr'>‚Sed</span> <span class='ocrx_word' id='word_1_153' title='bbox 660 3191 825 3241; x_wconf 91' lang='lat' dir='ltr'>amori</span> <span class='ocrx_word' id='word_1_154' title='bbox 867 3193 1128 3243; x_wconf 80' lang='lat' dir='ltr'>accedunt</span> <span class='ocrx_word' id='word_1_155' title='bbox 1166 3195 1325 3244; x_wconf 87' lang='lat' dir='ltr'>etiam</span> <span class='ocrx_word' id='word_1_156' title='bbox 1344 3196 1459 3246; x_wconf 80' lang='lat' dir='ltr'>haec</span> <span class='ocrx_word' id='word_1_157' title='bbox 1481 3212 1597 3262; x_wconf 71' lang='lat' dir='ltr'>quae</span> 
     </span>
     <span class='ocr_line' id='line_1_34' title="bbox 518 3265 1601 3340; baseline 0.008 -25"><span class='ocrx_word' id='word_1_158' title='bbox 518 3265 641 3316; x_wconf 84' lang='lat' dir='ltr'>-dixi</span> <span class='ocrx_word' id='word_1_159' title='bbox 660 3266 850 3330; x_wconf 82' lang='lat' dir='ltr'>minus,</span> <span class='ocrx_word' id='word_1_160' title='bbox 874 3268 1153 3334; x_wconf 86' lang='lat' dir='ltr'>lusomuia,</span> <span class='ocrx_word' id='word_1_161' title='bbox 1165 3285 1417 3334; x_wconf 63' lang='lat' dir='ltr'>arumna,</span> <span class='ocrx_word' id='word_1_162' title='bbox 1435 3288 1601 3340; x_wconf 89' lang='lat' dir='ltr'>error,</span> 
     </span>
    </p>
   </div>
   <div class='ocr_carea' id='block_1_7' title="bbox 518 3340 1670 3413">
    <p class='ocr_par' dir='ltr' id='par_1_7' title="bbox 518 3340 1670 3413">
     <span class='ocr_line' id='line_1_35' title="bbox 518 3340 1670 3413; baseline 0.006 -21.086"><span class='ocrx_word' id='word_1_163' title='bbox 518 3348 697 3392; x_wconf 70' lang='lat' dir='ltr'>terror</span> <span class='ocrx_word' id='word_1_164' title='bbox 717 3348 772 3393; x_wconf 88' lang='lat' dir='ltr'>et</span> <span class='ocrx_word' id='word_1_165' title='bbox 804 3340 947 3407; x_wconf 77' lang='lat' dir='ltr'>fuga,</span> <span class='ocrx_word' id='word_1_166' title='bbox 979 3341 1223 3409; x_wconf 78' lang='lat' dir='ltr'>Ineptioe,</span> <span class='ocrx_word' id='word_1_167' title='bbox 1249 3347 1596 3413; x_wconf 73' lang='lat' dir='ltr'>stultitiaque,</span> <span class='ocrx_word' id='word_1_168' title='bbox 1663 3381 1670 3389; x_wconf 89' lang='lat'><strong>·</strong></span> 
     </span>
    </p>
   </div>
   <div class='ocr_carea' id='block_1_8' title="bbox 514 3417 1597 3903">
    <p class='ocr_par' dir='ltr' id='par_1_8' title="bbox 514 3417 1597 3870">
     <span class='ocr_line' id='line_1_36' title="bbox 514 3417 1597 3486; baseline 0.004 -16"><span class='ocrx_word' id='word_1_169' title='bbox 514 3417 661 3470; x_wconf 83' lang='lat' dir='ltr'>-adeo</span> <span class='ocrx_word' id='word_1_170' title='bbox 674 3424 738 3470; x_wconf 82' lang='lat' dir='ltr'>et</span> <span class='ocrx_word' id='word_1_171' title='bbox 776 3418 1481 3486; x_wconf 79' lang='lat' dir='ltr'>temeritas31ncogitantia</span> <span class='ocrx_word' id='word_1_172' title='bbox 1508 3439 1597 3474; x_wconf 83' lang='lat' dir='ltr'>ex-</span> 
     </span>
     <span class='ocr_line' id='line_1_37' title="bbox 527 3495 1596 3566; baseline 0.007 -22"><span class='ocrx_word' id='word_1_173' title='bbox 527 3508 666 3559; x_wconf 90' lang='lat' dir='ltr'>cors,</span> <span class='ocrx_word' id='word_1_174' title='bbox 705 3495 1049 3560; x_wconf 86' lang='lat' dir='ltr'>immodestia,</span> <span class='ocrx_word' id='word_1_175' title='bbox 1090 3497 1410 3564; x_wconf 73' lang='lat' dir='ltr'>Petulantia,</span> <span class='ocrx_word' id='word_1_176' title='bbox 1452 3500 1596 3566; x_wconf 87' lang='lat' dir='ltr'>cupi-</span> 
     </span>
     <span class='ocr_line' id='line_1_38' title="bbox 514 3569 1592 3627; baseline 0.006 -6"><span class='ocrx_word' id='word_1_177' title='bbox 514 3569 664 3623; x_wconf 83' lang='lat' dir='ltr'>·ditas</span> <span class='ocrx_word' id='word_1_178' title='bbox 685 3578 742 3623; x_wconf 87' lang='lat' dir='ltr'>et</span> <span class='ocrx_word' id='word_1_179' title='bbox 760 3572 1138 3625; x_wconf 81' lang='lat' dir='ltr'>malevolentia.</span> <span class='ocrx_word' id='word_1_180' title='bbox 1183 3574 1414 3626; x_wconf 72' lang='lat' dir='ltr'>luheret</span> <span class='ocrx_word' id='word_1_181' title='bbox 1433 3577 1592 3627; x_wconf 88' lang='lat' dir='ltr'>etiam</span> 
     </span>
     <span class='ocr_line' id='line_1_39' title="bbox 525 3647 1592 3719; baseline 0.008 -22"><span class='ocrx_word' id='word_1_182' title='bbox 525 3647 767 3714; x_wconf 81' lang='lat' dir='ltr'>aviditas,</span> <span class='ocrx_word' id='word_1_183' title='bbox 815 3649 1034 3713; x_wconf 86' lang='lat' dir='ltr'>desidia,</span> <span class='ocrx_word' id='word_1_184' title='bbox 1094 3652 1303 3716; x_wconf 84' lang='lat' dir='ltr'>injuria,</span> <span class='ocrx_word' id='word_1_185' title='bbox 1371 3654 1592 3719; x_wconf 82' lang='lat' dir='ltr'>Inopia,</span> <span class='ocrx_word' id='word_1_186' title='bbox 1577 3671 1592 3686; x_wconf 92' lang='lat'><strong>·</strong></span> 
     </span>
     <span class='ocr_line' id='line_1_40' title="bbox 525 3725 1591 3793; baseline 0.009 -21"><span class='ocrx_word' id='word_1_187' title='bbox 525 3725 844 3775; x_wconf 82' lang='lat' dir='ltr'>contumelia</span> <span class='ocrx_word' id='word_1_188' title='bbox 879 3731 938 3776; x_wconf 81' lang='lat' dir='ltr'>et</span> <span class='ocrx_word' id='word_1_189' title='bbox 974 3726 1321 3793; x_wconf 78' lang='lat' dir='ltr'>dispendium,</span> <span class='ocrx_word' id='word_1_190' title='bbox 1360 3731 1591 3782; x_wconf 83' lang='lat' dir='ltr'>Multilo·</span> 
     </span>
     <span class='ocr_line' id='line_1_41' title="bbox 520 3799 1590 3903; baseline 0.009 -54.06"><span class='ocrx_word' id='word_1_191' title='bbox 520 3799 724 3903; x_wconf 69' lang='lat' dir='ltr'>⁴quium,</span> <span class='ocrx_word' id='word_1_192' title='bbox 744 3801 1157 3867; x_wconf 74' lang='lat' dir='ltr'>pauciloquium.</span> <span class='ocrx_word' id='word_1_193' title='bbox 1189 3805 1338 3870; x_wconf 81' lang='lat' dir='ltr'>Virg.</span> <span class='ocrx_word' id='word_1_194' title='bbox 1361 3808 1475 3858; x_wconf 86' lang='lat' dir='ltr'>Ecl.</span> <span class='ocrx_word' id='word_1_195' title='bbox 1503 3823 1590 3860; x_wconf 90' lang='grc' dir='ltr'>ιιι.</span> 
     </span>
    </p>
   </div>
   <div class='ocr_carea' id='block_1_9' title="bbox 510 3876 1592 4023">
    <p class='ocr_par' dir='ltr' id='par_1_9' title="bbox 510 3876 1592 4023">
     <span class='ocr_line' id='line_1_42' title="bbox 510 3876 1592 3948; baseline 0.008 -21"><span class='ocrx_word' id='word_1_196' title='bbox 510 3921 521 3936; x_wconf 75' lang='grc'><em>,</em></span> <span class='ocrx_word' id='word_1_197' title='bbox 520 3876 812 3939; x_wconf 79' lang='lat' dir='ltr'>‘Quisquis</span> <span class='ocrx_word' id='word_1_198' title='bbox 831 3891 1031 3928; x_wconf 86' lang='lat' dir='ltr'>amores</span> <span class='ocrx_word' id='word_1_199' title='bbox 1052 3880 1159 3931; x_wconf 81' lang='lat' dir='ltr'>Aut</span> <span class='ocrx_word' id='word_1_200' title='bbox 1172 3889 1371 3932; x_wconf 87' lang='lat' dir='ltr'>metuet</span> <span class='ocrx_word' id='word_1_201' title='bbox 1391 3883 1592 3948; x_wconf 87' lang='lat' dir='ltr'>dulces,</span> 
     </span>
     <span class='ocr_line' id='line_1_43' title="bbox 525 3952 1588 4023; baseline 0.008 -22"><span class='ocrx_word' id='word_1_202' title='bbox 525 3957 619 4002; x_wconf 89' lang='lat' dir='ltr'>aut</span> <span class='ocrx_word' id='word_1_203' title='bbox 657 3952 960 4014; x_wconf 78' lang='lat' dir='ltr'>experietur</span> <span class='ocrx_word' id='word_1_204' title='bbox 980 3955 1215 4005; x_wconf 70' lang='lat' dir='ltr'>amaros!</span> <span class='ocrx_word' id='word_1_205' title='bbox 1280 3957 1403 4007; x_wconf 88' lang='lat' dir='ltr'>Sed</span> <span class='ocrx_word' id='word_1_206' title='bbox 1418 3960 1588 4023; x_wconf 84' lang='lat' dir='ltr'>ipsum</span> 
     </span>
    </p>
   </div>
   <div class='ocr_carea' id='block_1_10' title="bbox 524 4026 1590 4099">
    <p class='ocr_par' dir='ltr' id='par_1_10' title="bbox 524 4026 1590 4099">
     <span class='ocr_line' id='line_1_44' title="bbox 524 4026 1590 4099; baseline 0.007 -21"><span class='ocrx_word' id='word_1_207' title='bbox 524 4026 818 4080; x_wconf 68' lang='lat' dir='ltr'>Phaon-iam</span> <span class='ocrx_word' id='word_1_208' title='bbox 832 4037 1119 4080; x_wconf 75' lang='lat' dir='ltr'>amatorem</span> <span class='ocrx_word' id='word_1_209' title='bbox 1130 4033 1374 4083; x_wconf 86' lang='lat' dir='ltr'>miserum</span> <span class='ocrx_word' id='word_1_210' title='bbox 1392 4035 1590 4099; x_wconf 85' lang='lat' dir='ltr'>audire,</span> 
     </span>
    </p>
   </div>
   <div class='ocr_carea' id='block_1_11' title="bbox 401 4105 1588 4174">
    <p class='ocr_par' dir='ltr' id='par_1_11' title="bbox 401 4105 1588 4174">
     <span class='ocr_line' id='line_1_45' title="bbox 401 4105 1588 4174; baseline 0.003 -20"><span class='ocrx_word' id='word_1_211' title='bbox 401 4145 409 4153; x_wconf 92' lang='lat'>.</span> <span class='ocrx_word' id='word_1_212' title='bbox 506 4105 680 4162; x_wconf 76' lang='lat' dir='ltr'>jmmo</span> <span class='ocrx_word' id='word_1_213' title='bbox 696 4110 932 4170; x_wconf 85' lang='lat' dir='ltr'>spectare</span> <span class='ocrx_word' id='word_1_214' title='bbox 952 4107 1114 4155; x_wconf 81' lang='lat' dir='ltr'>veluti</span> <span class='ocrx_word' id='word_1_215' title='bbox 1130 4121 1195 4155; x_wconf 89' lang='lat' dir='ltr'>ue</span> <span class='ocrx_word' id='word_1_216' title='bbox 1221 4108 1417 4171; x_wconf 78' lang='lat' dir='ltr'>pigeat,</span> <span class='ocrx_word' id='word_1_217' title='bbox 1431 4118 1490 4160; x_wconf 91' lang='lat' dir='ltr'>ut</span> <span class='ocrx_word' id='word_1_218' title='bbox 1509 4110 1588 4174; x_wconf 85' lang='lat' dir='ltr'>ip·</span> 
     </span>
    </p>
   </div>
   <div class='ocr_carea' id='block_1_12' title="bbox 519 4181 1583 4327">
    <p class='ocr_par' dir='ltr' id='par_1_12' title="bbox 519 4181 1583 4327">
     <span class='ocr_line' id='line_1_46' title="bbox 519 4181 1583 4249; baseline 0.003 -17"><span class='ocrx_word' id='word_1_219' title='bbox 519 4182 626 4233; x_wconf 84' lang='lat' dir='ltr'>sius</span> <span class='ocrx_word' id='word_1_220' title='bbox 668 4181 829 4233; x_wconf 82' lang='lat' dir='ltr'>etiam</span> <span class='ocrx_word' id='word_1_221' title='bbox 871 4195 964 4232; x_wconf 88' lang='lat' dir='ltr'>nos</span> <span class='ocrx_word' id='word_1_222' title='bbox 1004 4183 1260 4234; x_wconf 83' lang='lat' dir='ltr'>misereat.</span> <span class='ocrx_word' id='word_1_223' title='bbox 1345 4183 1402 4235; x_wconf 85' lang='lat' dir='ltr'>Is</span> <span class='ocrx_word' id='word_1_224' title='bbox 1444 4187 1583 4249; x_wconf 84' lang='lat' dir='ltr'>apud</span> 
     </span>
     <span class='ocr_line' id='line_1_47' title="bbox 520 4258 1583 4327; baseline 0.004 -17"><span class='ocrx_word' id='word_1_225' title='bbox 520 4259 738 4310; x_wconf 79' lang='lat' dir='ltr'>Terent.</span> <span class='ocrx_word' id='word_1_226' title='bbox 758 4258 883 4311; x_wconf 77' lang='lat' dir='ltr'>Act.</span> <span class='ocrx_word' id='word_1_227' title='bbox 903 4272 949 4311; x_wconf 76' lang='grc' dir='ltr'>ι.</span> <span class='ocrx_word' id='word_1_228' title='bbox 962 4260 1114 4311; x_wconf 84' lang='lat' dir='ltr'>scen.</span> <span class='ocrx_word' id='word_1_229' title='bbox 1152 4265 1203 4311; x_wconf 86' lang='lat'>1.</span> <span class='ocrx_word' id='word_1_230' title='bbox 1227 4261 1303 4312; x_wconf 88' lang='lat' dir='ltr'>sic</span> <span class='ocrx_word' id='word_1_231' title='bbox 1322 4261 1583 4327; x_wconf 77' lang='lat' dir='ltr'>loquitur:</span> 
     </span>
    </p>
   </div>
   <div class='ocr_carea' id='block_1_13' title="bbox 1680 1280 2766 2420">
    <p class='ocr_par' dir='ltr' id='par_1_13' title="bbox 1682 1280 2766 1655">
     <span class='ocr_line' id='line_1_48' title="bbox 1682 1280 2747 1349; baseline -0.003 -13"><span class='ocrx_word' id='word_1_232' title='bbox 1682 1286 1698 1313; x_wconf 90' lang='lat'>‘</span> <span class='ocrx_word' id='word_1_233' title='bbox 1710 1285 1988 1349; x_wconf 77' lang='lat' dir='ltr'>Indignum</span> <span class='ocrx_word' id='word_1_234' title='bbox 2000 1283 2199 1336; x_wconf 83' lang='lat' dir='ltr'>facinus</span> <span class='ocrx_word' id='word_1_235' title='bbox 2213 1286 2226 1334; x_wconf 86' lang='lat' dir='ltr'>l</span> <span class='ocrx_word' id='word_1_236' title='bbox 2249 1282 2402 1334; x_wconf 79' lang='lat' dir='ltr'>Nunc</span> <span class='ocrx_word' id='word_1_237' title='bbox 2412 1297 2510 1349; x_wconf 76' lang='lat' dir='ltr'>ego</span> <span class='ocrx_word' id='word_1_238' title='bbox 2524 1288 2580 1334; x_wconf 85' lang='lat' dir='ltr'>et</span> <span class='ocrx_word' id='word_1_239' title='bbox 2593 1280 2747 1333; x_wconf 84' lang='lat' dir='ltr'>Illam</span> 
     </span>
     <span class='ocr_line' id='line_1_49' title="bbox 1682 1360 2766 1426; baseline -0.004 -14"><span class='ocrx_word' id='word_1_240' title='bbox 1682 1363 1952 1412; x_wconf 85' lang='lat' dir='ltr'>scelestam</span> <span class='ocrx_word' id='word_1_241' title='bbox 1969 1376 2100 1426; x_wconf 87' lang='lat' dir='ltr'>esse,</span> <span class='ocrx_word' id='word_1_242' title='bbox 2117 1368 2171 1412; x_wconf 91' lang='lat' dir='ltr'>et</span> <span class='ocrx_word' id='word_1_243' title='bbox 2185 1376 2268 1411; x_wconf 90' lang='lat' dir='ltr'>me</span> <span class='ocrx_word' id='word_1_244' title='bbox 2286 1360 2529 1410; x_wconf 86' lang='lat' dir='ltr'>miserum</span> <span class='ocrx_word' id='word_1_245' title='bbox 2545 1360 2713 1409; x_wconf 85' lang='lat' dir='ltr'>sentio</span> <span class='ocrx_word' id='word_1_246' title='bbox 2729 1372 2766 1409; x_wconf 71' lang='grc' dir='ltr'>ι-</span> 
     </span>
     <span class='ocr_line' id='line_1_50' title="bbox 1684 1437 2752 1502; baseline -0.002 -14"><span class='ocrx_word' id='word_1_247' title='bbox 1684 1440 1755 1488; x_wconf 89' lang='grc' dir='ltr'>Ει</span> <span class='ocrx_word' id='word_1_248' title='bbox 1779 1439 1973 1501; x_wconf 73' lang='lat' dir='ltr'>taedet3</span> <span class='ocrx_word' id='word_1_249' title='bbox 2027 1444 2083 1489; x_wconf 91' lang='lat' dir='ltr'>et</span> <span class='ocrx_word' id='word_1_250' title='bbox 2102 1452 2277 1488; x_wconf 89' lang='lat' dir='ltr'>amore</span> <span class='ocrx_word' id='word_1_251' title='bbox 2308 1437 2503 1487; x_wconf 82' lang='lat' dir='ltr'>ardeo:</span> <span class='ocrx_word' id='word_1_252' title='bbox 2553 1443 2610 1487; x_wconf 87' lang='lat' dir='ltr'>et</span> <span class='ocrx_word' id='word_1_253' title='bbox 2633 1450 2752 1502; x_wconf 83' lang='lat' dir='ltr'>pru·</span> 
     </span>
     <span class='ocr_line' id='line_1_51' title="bbox 1683 1512 2748 1580; baseline 0 -17"><span class='ocrx_word' id='word_1_254' title='bbox 1683 1514 1830 1577; x_wconf 87' lang='lat' dir='ltr'>dens,</span> <span class='ocrx_word' id='word_1_255' title='bbox 1851 1514 2036 1576; x_wconf 86' lang='lat' dir='ltr'>sciens,</span> <span class='ocrx_word' id='word_1_256' title='bbox 2055 1514 2216 1563; x_wconf 81' lang='lat' dir='ltr'>Vivus</span> <span class='ocrx_word' id='word_1_257' title='bbox 2243 1512 2527 1580; x_wconf 80' lang='lat' dir='ltr'>vidensque</span> <span class='ocrx_word' id='word_1_258' title='bbox 2549 1526 2710 1578; x_wconf 87' lang='lat' dir='ltr'>pereo</span> <span class='ocrx_word' id='word_1_259' title='bbox 2729 1529 2748 1576; x_wconf 66' lang='grc' dir='ltr'><strong>ς</strong></span> 
     </span>
     <span class='ocr_line' id='line_1_52' title="bbox 1683 1588 2398 1655; baseline 0.003 -16"><span class='ocrx_word' id='word_1_260' title='bbox 1683 1604 1780 1640; x_wconf 88' lang='lat' dir='ltr'>nec</span> <span class='ocrx_word' id='word_1_261' title='bbox 1803 1590 1928 1655; x_wconf 85' lang='lat' dir='ltr'>quid</span> <span class='ocrx_word' id='word_1_262' title='bbox 1946 1604 2095 1655; x_wconf 74' lang='lat' dir='ltr'>agam</span> <span class='ocrx_word' id='word_1_263' title='bbox 2116 1588 2261 1641; x_wconf 89' lang='lat' dir='ltr'>scio.’</span> <span class='ocrx_word' id='word_1_264' title='bbox 2397 1612 2398 1615; x_wconf 41' lang='lat'>¹</span> 
     </span>
    </p>

    <p class='ocr_par' dir='ltr' id='par_1_14' title="bbox 1682 1664 2749 2251">
     <span class='ocr_line' id='line_1_53' title="bbox 1748 1664 2749 1730; baseline -0.002 -14"><span class='ocrx_word' id='word_1_265' title='bbox 1748 1667 1921 1716; x_wconf 69' lang='lat' dir='ltr'>Ft‘as&#39;rs</span> <span class='ocrx_word' id='word_1_266' title='bbox 1960 1667 2143 1722; x_wconf 77' lang='lat' dir='ltr'>dolores</span> <span class='ocrx_word' id='word_1_267' title='bbox 2195 1666 2465 1730; x_wconf 64' lang='lat' dir='ltr'>proterius</span> <span class='ocrx_word' id='word_1_268' title='bbox 2519 1664 2749 1730; x_wconf 65' lang='lat' dir='ltr'>mediter]</span> 
     </span>
     <span class='ocr_line' id='line_1_54' title="bbox 1686 1742 2747 1809; baseline -0.003 -15"><span class='ocrx_word' id='word_1_269' title='bbox 1686 1744 2047 1809; x_wconf 86' lang='lat' dir='ltr'>Relinquendo</span> <span class='ocrx_word' id='word_1_270' title='bbox 2070 1743 2378 1808; x_wconf 81' lang='lat' dir='ltr'>Chrysidem</span> <span class='ocrx_word' id='word_1_271' title='bbox 2397 1742 2747 1804; x_wconf 78' lang='lat' dir='ltr'>meretricem,</span> 
     </span>
     <span class='ocr_line' id='line_1_55' title="bbox 1686 1819 2747 1886; baseline 0 -16"><span class='ocrx_word' id='word_1_272' title='bbox 1686 1836 1801 1886; x_wconf 69' lang='lat' dir='ltr'>quae</span> <span class='ocrx_word' id='word_1_273' title='bbox 1825 1836 1907 1871; x_wconf 87' lang='lat' dir='ltr'>me</span> <span class='ocrx_word' id='word_1_274' title='bbox 1924 1828 2148 1886; x_wconf 77' lang='lat' dir='ltr'>properat</span> <span class='ocrx_word' id='word_1_275' title='bbox 2166 1823 2365 1871; x_wconf 70' lang='lat' dir='ltr'>«nando</span> <span class='ocrx_word' id='word_1_276' title='bbox 2392 1822 2607 1885; x_wconf 74' lang='lat' dir='ltr'>perdere.</span> <span class='ocrx_word' id='word_1_277' title='bbox 2672 1819 2747 1870; x_wconf 86' lang='lat' dir='ltr'>Ut</span> 
     </span>
     <span class='ocr_line' id='line_1_56' title="bbox 1685 1895 2746 1962; baseline 0 -15"><span class='ocrx_word' id='word_1_278' title='bbox 1685 1905 1766 1948; x_wconf 89' lang='lat' dir='ltr'>est</span> <span class='ocrx_word' id='word_1_279' title='bbox 1784 1898 1923 1962; x_wconf 86' lang='lat' dir='ltr'>apud</span> <span class='ocrx_word' id='word_1_280' title='bbox 1947 1898 2079 1948; x_wconf 80' lang='lat' dir='ltr'>Hor.</span> <span class='ocrx_word' id='word_1_281' title='bbox 2099 1898 2205 1949; x_wconf 86' lang='lat' dir='ltr'>od.</span> <span class='ocrx_word' id='word_1_282' title='bbox 2231 1912 2269 1948; x_wconf 85' lang='lat'>1.</span> <span class='ocrx_word' id='word_1_283' title='bbox 2292 1902 2342 1947; x_wconf 81' lang='grc'>8.</span> <span class='ocrx_word' id='word_1_284' title='bbox 2378 1895 2527 1947; x_wconf 85' lang='lat' dir='ltr'>Idem</span> <span class='ocrx_word' id='word_1_285' title='bbox 2546 1896 2659 1946; x_wconf 83' lang='lat' dir='ltr'>Sat.</span> <span class='ocrx_word' id='word_1_286' title='bbox 2682 1909 2746 1947; x_wconf 86' lang='grc' dir='ltr'>ιι.</span> 
     </span>
     <span class='ocr_line' id='line_1_57' title="bbox 1683 1972 2748 2039; baseline -0.001 -15"><span class='ocrx_word' id='word_1_287' title='bbox 1683 1978 1732 2025; x_wconf 73' lang='lat'>8.</span> <span class='ocrx_word' id='word_1_288' title='bbox 1756 1976 2040 2039; x_wconf 71' lang='lat' dir='ltr'>scripserat</span> <span class='ocrx_word' id='word_1_289' title='bbox 2060 1974 2126 2025; x_wconf 87' lang='lat' dir='ltr'>de</span> <span class='ocrx_word' id='word_1_290' title='bbox 2147 1973 2391 2026; x_wconf 71' lang='lat' dir='ltr'>Phaedria</span> <span class='ocrx_word' id='word_1_291' title='bbox 2407 1972 2748 2035; x_wconf 82' lang='lat' dir='ltr'>Terentiano,</span> 
     </span>
     <span class='ocr_line' id='line_1_58' title="bbox 1684 2048 2747 2114; baseline -0.002 -15"><span class='ocrx_word' id='word_1_292' title='bbox 1684 2050 1827 2114; x_wconf 86' lang='lat' dir='ltr'>cujus</span> <span class='ocrx_word' id='word_1_293' title='bbox 1850 2051 2019 2100; x_wconf 87' lang='lat' dir='ltr'>locum</span> <span class='ocrx_word' id='word_1_294' title='bbox 2036 2050 2296 2113; x_wconf 76' lang='lat' dir='ltr'>integrum</span> <span class='ocrx_word' id='word_1_295' title='bbox 2316 2048 2509 2098; x_wconf 86' lang='lat' dir='ltr'>ibidem</span> <span class='ocrx_word' id='word_1_296' title='bbox 2532 2062 2747 2112; x_wconf 78' lang='lat' dir='ltr'>expres-</span> 
     </span>
     <span class='ocr_line' id='line_1_59' title="bbox 1682 2123 2747 2190; baseline 0.001 -16"><span class='ocrx_word' id='word_1_297' title='bbox 1682 2125 1767 2175; x_wconf 89' lang='lat' dir='ltr'>sit.</span> <span class='ocrx_word' id='word_1_298' title='bbox 1833 2126 1850 2155; x_wconf 84' lang='lat'>‘</span> <span class='ocrx_word' id='word_1_299' title='bbox 1868 2123 1954 2174; x_wconf 81' lang='lat' dir='ltr'>An</span> <span class='ocrx_word' id='word_1_300' title='bbox 1975 2125 2149 2190; x_wconf 89' lang='lat' dir='ltr'>potius</span> <span class='ocrx_word' id='word_1_301' title='bbox 2170 2124 2394 2176; x_wconf 88' lang='lat' dir='ltr'>mediter</span> <span class='ocrx_word' id='word_1_302' title='bbox 2421 2124 2586 2175; x_wconf 81' lang='lat' dir='ltr'>finire·</span> <span class='ocrx_word' id='word_1_303' title='bbox 2604 2124 2747 2175; x_wconf 86' lang='lat' dir='ltr'>dolo-</span> 
     </span>
     <span class='ocr_line' id='line_1_60' title="bbox 1685 2199 1821 2251; baseline -0.015 0"><span class='ocrx_word' id='word_1_304' title='bbox 1685 2215 1770 2251; x_wconf 87' lang='lat' dir='ltr'>res</span> <span class='ocrx_word' id='word_1_305' title='bbox 1787 2199 1821 2249; x_wconf 87' lang='lat'>?’</span> 
     </span>
    </p>

    <p class='ocr_par' dir='ltr' id='par_1_15' title="bbox 1680 2279 2749 2420">
     <span class='ocr_line' id='line_1_61' title="bbox 1747 2279 2749 2341; baseline 0 -12"><span class='ocrx_word' id='word_1_306' title='bbox 1747 2282 1843 2329; x_wconf 72' lang='lat'>162</span> <span class='ocrx_word' id='word_1_307' title='bbox 1878 2281 2092 2329; x_wconf 69' lang='lat' dir='ltr'>Crudum</span> <span class='ocrx_word' id='word_1_308' title='bbox 2146 2279 2492 2330; x_wconf 65' lang='lat' dir='ltr'>Chaereaeratas</span> <span class='ocrx_word' id='word_1_309' title='bbox 2543 2293 2749 2341; x_wconf 72' lang='grc' dir='ltr'>ιιιςιιιιι</span> 
     </span>
     <span class='ocr_line' id='line_1_62' title="bbox 1680 2355 2749 2420; baseline -0.001 -14"><span class='ocrx_word' id='word_1_310' title='bbox 1680 2355 1929 2419; x_wconf 71' lang='lat' dir='ltr'>abradens]</span> <span class='ocrx_word' id='word_1_311' title='bbox 1966 2357 2083 2406; x_wconf 60' lang='lat' dir='ltr'>Pras</span> <span class='ocrx_word' id='word_1_312' title='bbox 2112 2356 2306 2419; x_wconf 89' lang='lat' dir='ltr'>dolore,</span> <span class='ocrx_word' id='word_1_313' title='bbox 2329 2355 2467 2420; x_wconf 86' lang='lat' dir='ltr'>quod</span> <span class='ocrx_word' id='word_1_314' title='bbox 2488 2355 2557 2406; x_wconf 83' lang='lat' dir='ltr'>ab</span> <span class='ocrx_word' id='word_1_315' title='bbox 2580 2355 2749 2405; x_wconf 79' lang='lat' dir='ltr'>amica</span> 
     </span>
    </p>
   </div>
   <div class='ocr_carea' id='block_1_14' title="bbox 1680 2433 2746 2500">
    <p class='ocr_par' dir='ltr' id='par_1_16' title="bbox 1680 2433 2746 2500">
     <span class='ocr_line' id='line_1_63' title="bbox 1680 2433 2746 2500; baseline -0.001 -16"><span class='ocrx_word' id='word_1_316' title='bbox 1680 2433 1944 2485; x_wconf 78' lang='lat' dir='ltr'>exclusus:</span> <span class='ocrx_word' id='word_1_317' title='bbox 1994 2434 2080 2485; x_wconf 83' lang='lat' dir='ltr'>vel</span> <span class='ocrx_word' id='word_1_318' title='bbox 2119 2449 2226 2500; x_wconf 75' lang='lat' dir='ltr'>proe</span> <span class='ocrx_word' id='word_1_319' title='bbox 2270 2434 2486 2499; x_wconf 83' lang='lat' dir='ltr'>ancipiti</span> <span class='ocrx_word' id='word_1_320' title='bbox 2520 2435 2746 2484; x_wconf 87' lang='lat' dir='ltr'>incerto-</span> 
     </span>
    </p>
   </div>
   <div class='ocr_carea' id='block_1_15' title="bbox 1665 2511 2749 2577">
    <p class='ocr_par' dir='ltr' id='par_1_17' title="bbox 1665 2511 2749 2577">
     <span class='ocr_line' id='line_1_64' title="bbox 1665 2511 2749 2577; baseline 0 -16"><span class='ocrx_word' id='word_1_321' title='bbox 1665 2526 1780 2576; x_wconf 88' lang='lat' dir='ltr'>.que</span> <span class='ocrx_word' id='word_1_322' title='bbox 1811 2512 2040 2576; x_wconf 88' lang='lat' dir='ltr'>consilio,</span> <span class='ocrx_word' id='word_1_323' title='bbox 2070 2511 2449 2577; x_wconf 77' lang='lat' dir='ltr'>cogitabundus</span> <span class='ocrx_word' id='word_1_324' title='bbox 2487 2517 2657 2573; x_wconf 87' lang='lat' dir='ltr'>totus,</span> <span class='ocrx_word' id='word_1_325' title='bbox 2692 2516 2749 2561; x_wconf 88' lang='lat' dir='ltr'>et</span> 
     </span>
    </p>
   </div>
   <div class='ocr_carea' id='block_1_16' title="bbox 1676 2587 2747 3171">
    <p class='ocr_par' dir='ltr' id='par_1_18' title="bbox 1676 2587 2747 3171">
     <span class='ocr_line' id='line_1_65' title="bbox 1679 2587 2744 2654; baseline -0.001 -16"><span class='ocrx_word' id='word_1_326' title='bbox 1679 2602 1855 2638; x_wconf 84' lang='lat' dir='ltr'>secum</span> <span class='ocrx_word' id='word_1_327' title='bbox 1875 2589 1989 2653; x_wconf 86' lang='lat' dir='ltr'>ipse</span> <span class='ocrx_word' id='word_1_328' title='bbox 2011 2587 2376 2650; x_wconf 76' lang='lat' dir='ltr'>laetabundus,</span> <span class='ocrx_word' id='word_1_329' title='bbox 2397 2602 2520 2637; x_wconf 87' lang='lat' dir='ltr'>num</span> <span class='ocrx_word' id='word_1_330' title='bbox 2542 2588 2610 2637; x_wconf 91' lang='lat' dir='ltr'>ad</span> <span class='ocrx_word' id='word_1_331' title='bbox 2630 2600 2744 2654; x_wconf 82' lang='lat' dir='ltr'>eam</span> 
     </span>
     <span class='ocr_line' id='line_1_66' title="bbox 1679 2664 2746 2730; baseline 0.002 -17"><span class='ocrx_word' id='word_1_332' title='bbox 1679 2677 1793 2729; x_wconf 67' lang='lat' dir='ltr'>quo</span> <span class='ocrx_word' id='word_1_333' title='bbox 1817 2664 2044 2714; x_wconf 73' lang='lat' dir='ltr'>exclusit</span> <span class='ocrx_word' id='word_1_334' title='bbox 2061 2664 2258 2726; x_wconf 87' lang='lat' dir='ltr'>redeat,</span> <span class='ocrx_word' id='word_1_335' title='bbox 2274 2678 2341 2714; x_wconf 88' lang='lat' dir='ltr'>an</span> <span class='ocrx_word' id='word_1_336' title='bbox 2363 2664 2576 2714; x_wconf 86' lang='lat' dir='ltr'>deserat</span> <span class='ocrx_word' id='word_1_337' title='bbox 2591 2678 2746 2730; x_wconf 85' lang='lat' dir='ltr'>quam</span> 
     </span>
     <span class='ocr_line' id='line_1_67' title="bbox 1679 2739 2746 2804; baseline 0.002 -15"><span class='ocrx_word' id='word_1_338' title='bbox 1679 2739 1887 2804; x_wconf 85' lang='lat' dir='ltr'>perdite</span> <span class='ocrx_word' id='word_1_339' title='bbox 1925 2748 2083 2791; x_wconf 86' lang='lat' dir='ltr'>amat.</span> <span class='ocrx_word' id='word_1_340' title='bbox 2148 2740 2301 2791; x_wconf 87' lang='lat' dir='ltr'>Pers.</span> <span class='ocrx_word' id='word_1_341' title='bbox 2334 2741 2448 2793; x_wconf 78' lang='lat' dir='ltr'>Sat.-</span> <span class='ocrx_word' id='word_1_342' title='bbox 2468 2754 2508 2791; x_wconf 87' lang='lat'>1.</span> <span class='ocrx_word' id='word_1_343' title='bbox 2531 2755 2606 2790; x_wconf 77' lang='lat' dir='ltr'>vs.</span> <span class='ocrx_word' id='word_1_344' title='bbox 2632 2744 2746 2792; x_wconf 76' lang='grc'><strong>106.</strong></span> 
     </span>
     <span class='ocr_line' id='line_1_68' title="bbox 1679 2815 2746 2880; baseline 0.001 -14.04"><span class='ocrx_word' id='word_1_345' title='bbox 1679 2816 1833 2868; x_wconf 87' lang='lat' dir='ltr'>‘Nec</span> <span class='ocrx_word' id='word_1_346' title='bbox 1853 2815 2143 2867; x_wconf 88' lang='lat' dir='ltr'>demorsum</span> <span class='ocrx_word' id='word_1_347' title='bbox 2167 2817 2303 2880; x_wconf 87' lang='lat' dir='ltr'>sapit</span> <span class='ocrx_word' id='word_1_348' title='bbox 2329 2816 2591 2880; x_wconf 58' lang='lat' dir='ltr'>unguem?</span> <span class='ocrx_word' id='word_1_349' title='bbox 2614 2815 2746 2867; x_wconf 85' lang='lat' dir='ltr'>Hor.</span> 
     </span>
     <span class='ocr_line' id='line_1_69' title="bbox 1678 2890 2747 2954; baseline -0.001 -12"><span class='ocrx_word' id='word_1_350' title='bbox 1678 2892 1791 2942; x_wconf 84' lang='lat' dir='ltr'>Sat.</span> <span class='ocrx_word' id='word_1_351' title='bbox 1813 2906 1854 2942; x_wconf 92' lang='grc' dir='ltr'>ι.</span> <span class='ocrx_word' id='word_1_352' title='bbox 1873 2896 1955 2942; x_wconf 79' lang='lat' dir='ltr'>lo.</span> <span class='ocrx_word' id='word_1_353' title='bbox 1987 2891 2003 2920; x_wconf 89' lang='lat'>‘</span> <span class='ocrx_word' id='word_1_354' title='bbox 2030 2893 2188 2941; x_wconf 80' lang='lat' dir='ltr'>vivos</span> <span class='ocrx_word' id='word_1_355' title='bbox 2203 2898 2258 2941; x_wconf 93' lang='lat' dir='ltr'>et</span> <span class='ocrx_word' id='word_1_356' title='bbox 2280 2891 2494 2941; x_wconf 87' lang='lat' dir='ltr'>roderet</span> <span class='ocrx_word' id='word_1_357' title='bbox 2509 2890 2747 2954; x_wconf 75' lang='lat' dir='ltr'>ungues-⁹</span> 
     </span>
     <span class='ocr_line' id='line_1_70' title="bbox 1746 2967 2746 3032; baseline 0 -16"><span class='ocrx_word' id='word_1_358' title='bbox 1746 2968 2111 3032; x_wconf 62' lang='lat' dir='ltr'>Cher-curatus]</span> <span class='ocrx_word' id='word_1_359' title='bbox 2128 2967 2346 3018; x_wconf 67' lang='lat' dir='ltr'>juvenis</span> <span class='ocrx_word' id='word_1_360' title='bbox 2359 2974 2564 3016; x_wconf 87' lang='lat' dir='ltr'>amator</span> <span class='ocrx_word' id='word_1_361' title='bbox 2581 2967 2746 3030; x_wconf 80' lang='lat' dir='ltr'>Chry·</span> 
     </span>
     <span class='ocr_line' id='line_1_71' title="bbox 1677 3042 2746 3109; baseline 0 -17"><span class='ocrx_word' id='word_1_362' title='bbox 1677 3043 1802 3092; x_wconf 78' lang='lat' dir='ltr'>sidia</span> <span class='ocrx_word' id='word_1_363' title='bbox 1820 3043 2187 3109; x_wconf 66' lang='lat' dir='ltr'>meretricula,</span> <span class='ocrx_word' id='word_1_364' title='bbox 2207 3042 2347 3108; x_wconf 84' lang='lat' dir='ltr'>apud</span> <span class='ocrx_word' id='word_1_365' title='bbox 2380 3042 2746 3107; x_wconf 73' lang='lat' dir='ltr'>Menandrum,</span> 
     </span>
     <span class='ocr_line' id='line_1_72' title="bbox 1676 3121 1885 3171; baseline 0 -1"><span class='ocrx_word' id='word_1_366' title='bbox 1676 3127 1736 3171; x_wconf 92' lang='lat' dir='ltr'>ut</span> <span class='ocrx_word' id='word_1_367' title='bbox 1757 3121 1885 3171; x_wconf 81' lang='lat' dir='ltr'>dixi.</span> 
     </span>
    </p>
   </div>
   <div class='ocr_carea' id='block_1_17' title="bbox 1742 3194 2746 3261">
    <p class='ocr_par' dir='ltr' id='par_1_19' title="bbox 1742 3194 2746 3261">
     <span class='ocr_line' id='line_1_73' title="bbox 1742 3194 2746 3261; baseline 0 -15"><span class='ocrx_word' id='word_1_368' title='bbox 1742 3201 1838 3246; x_wconf 73' lang='lat' dir='ltr'>los</span> <span class='ocrx_word' id='word_1_369' title='bbox 1871 3196 1963 3246; x_wconf 74' lang='lat' dir='ltr'>Ait</span> <span class='ocrx_word' id='word_1_370' title='bbox 2001 3194 2122 3260; x_wconf 71' lang='lat' dir='ltr'>hoc]</span> <span class='ocrx_word' id='word_1_371' title='bbox 2192 3195 2278 3246; x_wconf 84' lang='lat' dir='ltr'>Ad</span> <span class='ocrx_word' id='word_1_372' title='bbox 2315 3195 2746 3261; x_wconf 75' lang='lat' dir='ltr'>Davum-nempe</span> 
     </span>
    </p>
   </div>
   <div class='ocr_carea' id='block_1_18' title="bbox 1663 3269 2243 3322">
    <p class='ocr_par' dir='ltr' id='par_1_20' title="bbox 1663 3269 2243 3322">
     <span class='ocr_line' id='line_1_74' title="bbox 1663 3269 2243 3322; baseline 0.005 -4"><span class='ocrx_word' id='word_1_373' title='bbox 1663 3269 1837 3321; x_wconf 67' lang='lat' dir='ltr'>fidum</span> <span class='ocrx_word' id='word_1_374' title='bbox 1858 3270 1958 3320; x_wconf 83' lang='lat' dir='ltr'>sibi</span> <span class='ocrx_word' id='word_1_375' title='bbox 1974 3269 2243 3322; x_wconf 78' lang='lat' dir='ltr'>famulum.</span> 
     </span>
    </p>
   </div>
   <div class='ocr_carea' id='block_1_19' title="bbox 1664 3345 2745 4324">
    <p class='ocr_par' dir='ltr' id='par_1_21' title="bbox 1667 3345 2745 3715">
     <span class='ocr_line' id='line_1_75' title="bbox 1742 3345 2745 3410; baseline 0 -14"><span class='ocrx_word' id='word_1_376' title='bbox 1742 3346 1823 3397; x_wconf 82' lang='grc' dir='ltr'>Διι</span> <span class='ocrx_word' id='word_1_377' title='bbox 1865 3347 2002 3396; x_wconf 72' lang='lat' dir='ltr'>siccis</span> <span class='ocrx_word' id='word_1_378' title='bbox 2040 3348 2235 3396; x_wconf 73' lang='lat' dir='ltr'>dedecus</span> <span class='ocrx_word' id='word_1_379' title='bbox 2289 3345 2467 3396; x_wconf 71' lang='lat' dir='ltr'>obstem</span> <span class='ocrx_word' id='word_1_380' title='bbox 2489 3345 2745 3410; x_wconf 17' lang='grc' dir='ltr'>κως-αὑ]</span> 
     </span>
     <span class='ocr_line' id='line_1_76' title="bbox 1667 3421 2743 3487; baseline -0.002 -14"><span class='ocrx_word' id='word_1_381' title='bbox 1667 3422 1760 3473; x_wconf 74' lang='lat' dir='ltr'>Au</span> <span class='ocrx_word' id='word_1_382' title='bbox 1781 3421 1930 3472; x_wconf 81' lang='lat' dir='ltr'>foedis</span> <span class='ocrx_word' id='word_1_383' title='bbox 1951 3437 2045 3487; x_wconf 72' lang='lat' dir='ltr'>ego</span> <span class='ocrx_word' id='word_1_384' title='bbox 2069 3422 2327 3473; x_wconf 85' lang='lat' dir='ltr'>amoribus</span> <span class='ocrx_word' id='word_1_385' title='bbox 2359 3437 2494 3486; x_wconf 88' lang='lat' dir='ltr'>eam,</span> <span class='ocrx_word' id='word_1_386' title='bbox 2519 3430 2582 3472; x_wconf 89' lang='lat' dir='ltr'>ut</span> <span class='ocrx_word' id='word_1_387' title='bbox 2597 3431 2743 3486; x_wconf 85' lang='lat' dir='ltr'>ante,</span> 
     </span>
     <span class='ocr_line' id='line_1_77' title="bbox 1671 3497 2744 3564; baseline -0.002 -14"><span class='ocrx_word' id='word_1_388' title='bbox 1671 3500 1925 3564; x_wconf 86' lang='lat' dir='ltr'>perditum</span> <span class='ocrx_word' id='word_1_389' title='bbox 1948 3499 2138 3550; x_wconf 84' lang='lat' dir='ltr'>bonam</span> <span class='ocrx_word' id='word_1_390' title='bbox 2175 3497 2367 3549; x_wconf 78' lang='lat' dir='ltr'>famam</span> <span class='ocrx_word' id='word_1_391' title='bbox 2395 3499 2569 3564; x_wconf 70' lang='lat' dir='ltr'>gentis</span> <span class='ocrx_word' id='word_1_392' title='bbox 2588 3513 2744 3563; x_wconf 64' lang='lat' dir='ltr'>men,</span> 
     </span>
     <span class='ocr_line' id='line_1_78' title="bbox 1669 3575 2742 3641; baseline -0.001 -16"><span class='ocrx_word' id='word_1_393' title='bbox 1669 3577 1734 3625; x_wconf 49' lang='lat' dir='ltr'>iu,</span> <span class='ocrx_word' id='word_1_394' title='bbox 1762 3590 1883 3641; x_wconf 87' lang='lat' dir='ltr'>qua,</span> <span class='ocrx_word' id='word_1_395' title='bbox 1922 3582 2118 3640; x_wconf 63' lang='lat' dir='ltr'>prater</span> <span class='ocrx_word' id='word_1_396' title='bbox 2152 3589 2254 3639; x_wconf 89' lang='lat' dir='ltr'>me,</span> <span class='ocrx_word' id='word_1_397' title='bbox 2290 3582 2412 3625; x_wconf 89' lang='lat' dir='ltr'>sunt</span> <span class='ocrx_word' id='word_1_398' title='bbox 2450 3589 2629 3626; x_wconf 86' lang='lat' dir='ltr'>omnes</span> <span class='ocrx_word' id='word_1_399' title='bbox 2651 3575 2742 3624; x_wconf 82' lang='lat' dir='ltr'>ho·</span> 
     </span>
     <span class='ocr_line' id='line_1_79' title="bbox 1667 3649 2216 3715; baseline 0 -15"><span class='ocrx_word' id='word_1_400' title='bbox 1667 3652 1824 3715; x_wconf 87' lang='lat' dir='ltr'>nesti,</span> <span class='ocrx_word' id='word_1_401' title='bbox 1845 3652 1998 3714; x_wconf 84' lang='lat' dir='ltr'>casti,</span> <span class='ocrx_word' id='word_1_402' title='bbox 2020 3649 2216 3701; x_wconf 82' lang='lat' dir='ltr'>sobrii?</span> 
     </span>
    </p>

    <p class='ocr_par' dir='ltr' id='par_1_22' title="bbox 1664 3724 2744 4324">
     <span class='ocr_line' id='line_1_80' title="bbox 1665 3724 2744 3791; baseline -0.002 -15"><span class='ocrx_word' id='word_1_403' title='bbox 1665 3769 1674 3776; x_wconf 88' lang='lat'>.</span> <span class='ocrx_word' id='word_1_404' title='bbox 1735 3727 1908 3791; x_wconf 77' lang='lat' dir='ltr'>Siccis]</span> <span class='ocrx_word' id='word_1_405' title='bbox 1958 3725 2122 3776; x_wconf 65' lang='lat' dir='ltr'>S&#39;iecas</span> <span class='ocrx_word' id='word_1_406' title='bbox 2153 3730 2531 3789; x_wconf 83' lang='lat' dir='ltr'>temperantem</span> <span class='ocrx_word' id='word_1_407' title='bbox 2553 3724 2744 3788; x_wconf 77' lang='lat' dir='ltr'>virum,</span> 
     </span>
     <span class='ocr_line' id='line_1_81' title="bbox 1669 3801 2741 3854; baseline -0.002 -1"><span class='ocrx_word' id='word_1_408' title='bbox 1669 3804 1903 3854; x_wconf 86' lang='lat' dir='ltr'>madidus</span> <span class='ocrx_word' id='word_1_409' title='bbox 1964 3803 2226 3853; x_wconf 87' lang='lat' dir='ltr'>ebriosum</span> <span class='ocrx_word' id='word_1_410' title='bbox 2288 3816 2353 3852; x_wconf 84' lang='lat' dir='ltr'>ac</span> <span class='ocrx_word' id='word_1_411' title='bbox 2413 3801 2741 3852; x_wconf 75' lang='lat' dir='ltr'>vinolentum</span> 
     </span>
     <span class='ocr_line' id='line_1_82' title="bbox 1670 3877 2741 3943; baseline -0.001 -15"><span class='ocrx_word' id='word_1_412' title='bbox 1670 3893 1809 3943; x_wconf 51' lang='lat' dir='ltr'>saepe</span> <span class='ocrx_word' id='word_1_413' title='bbox 1831 3877 2047 3929; x_wconf 88' lang='lat' dir='ltr'>iudicat.</span> <span class='ocrx_word' id='word_1_414' title='bbox 2081 3877 2254 3927; x_wconf 81' lang='lat' dir='ltr'>Plaut.</span> <span class='ocrx_word' id='word_1_415' title='bbox 2285 3883 2566 3942; x_wconf 85' lang='lat' dir='ltr'>utrumque</span> <span class='ocrx_word' id='word_1_416' title='bbox 2591 3877 2741 3942; x_wconf 84' lang='lat' dir='ltr'>ponit</span> 
     </span>
     <span class='ocr_line' id='line_1_83' title="bbox 1670 3953 2740 4018; baseline 0.002 -14"><span class='ocrx_word' id='word_1_417' title='bbox 1670 3953 1879 4006; x_wconf 84' lang='lat' dir='ltr'>Asinar.</span> <span class='ocrx_word' id='word_1_418' title='bbox 1898 3954 2054 4004; x_wconf 84' lang='lat' dir='ltr'>Seen.</span> <span class='ocrx_word' id='word_1_419' title='bbox 2072 3966 2187 4004; x_wconf 82' lang='lat' dir='ltr'>xtv.</span> <span class='ocrx_word' id='word_1_420' title='bbox 2219 3954 2236 3982; x_wconf 87' lang='lat'>‘</span> <span class='ocrx_word' id='word_1_421' title='bbox 2261 3954 2376 4016; x_wconf 79' lang='lat' dir='ltr'>Ego</span> <span class='ocrx_word' id='word_1_422' title='bbox 2394 3960 2593 4018; x_wconf 58' lang='lat' dir='ltr'>prater</span> <span class='ocrx_word' id='word_1_423' title='bbox 2611 3955 2740 4006; x_wconf 81' lang='lat' dir='ltr'>alias</span> 
     </span>
     <span class='ocr_line' id='line_1_84' title="bbox 1670 4027 2739 4094; baseline 0.002 -16"><span class='ocrx_word' id='word_1_424' title='bbox 1670 4031 1833 4080; x_wconf 83' lang='lat' dir='ltr'>virum</span> <span class='ocrx_word' id='word_1_425' title='bbox 1854 4044 2024 4079; x_wconf 85' lang='lat' dir='ltr'>meum</span> <span class='ocrx_word' id='word_1_426' title='bbox 2055 4027 2130 4078; x_wconf 85' lang='lat' dir='ltr'>fui</span> <span class='ocrx_word' id='word_1_427' title='bbox 2171 4036 2288 4079; x_wconf 86' lang='lat' dir='ltr'>rata</span> <span class='ocrx_word' id='word_1_428' title='bbox 2315 4030 2543 4092; x_wconf 81' lang='lat' dir='ltr'>Siccum,</span> <span class='ocrx_word' id='word_1_429' title='bbox 2580 4028 2739 4094; x_wconf 70' lang='lat' dir='ltr'>frugi,</span> 
     </span>
     <span class='ocr_line' id='line_1_85' title="bbox 1671 4105 2737 4170; baseline 0.001 -14"><span class='ocrx_word' id='word_1_430' title='bbox 1671 4105 2058 4157; x_wconf 65' lang='lat' dir='ltr'>continentem!</span> <span class='ocrx_word' id='word_1_431' title='bbox 2092 4107 2165 4156; x_wconf 84' lang='lat' dir='ltr'>Et</span> <span class='ocrx_word' id='word_1_432' title='bbox 2187 4107 2340 4170; x_wconf 86' lang='lat' dir='ltr'>paulo</span> <span class='ocrx_word' id='word_1_433' title='bbox 2357 4114 2514 4169; x_wconf 81' lang='lat' dir='ltr'>post:</span> <span class='ocrx_word' id='word_1_434' title='bbox 2548 4108 2568 4135; x_wconf 85' lang='lat'>‘</span> <span class='ocrx_word' id='word_1_435' title='bbox 2590 4108 2737 4157; x_wconf 83' lang='lat' dir='ltr'>Scito</span> 
     </span>
     <span class='ocr_line' id='line_1_86' title="bbox 1664 4181 2739 4245; baseline 0.001 -13"><span class='ocrx_word' id='word_1_436' title='bbox 1664 4183 1809 4232; x_wconf 86' lang='lat' dir='ltr'>illum</span> <span class='ocrx_word' id='word_1_437' title='bbox 1821 4181 2104 4244; x_wconf 83' lang='lat' dir='ltr'>madidum,</span> <span class='ocrx_word' id='word_1_438' title='bbox 2113 4182 2279 4245; x_wconf 82' lang='lat' dir='ltr'>nihili,</span> <span class='ocrx_word' id='word_1_439' title='bbox 2288 4181 2739 4235; x_wconf 75' lang='lat' dir='ltr'>incontinentem-³</span> 
     </span>
     <span class='ocr_line' id='line_1_87' title="bbox 1665 4258 2735 4324; baseline -0.001 -13"><span class='ocrx_word' id='word_1_440' title='bbox 1665 4260 1919 4312; x_wconf 81' lang='lat' dir='ltr'>Horatius</span> <span class='ocrx_word' id='word_1_441' title='bbox 1940 4259 2111 4324; x_wconf 84' lang='lat' dir='ltr'>Epist.</span> <span class='ocrx_word' id='word_1_442' title='bbox 2132 4272 2171 4310; x_wconf 83' lang='lat'>1.</span> <span class='ocrx_word' id='word_1_443' title='bbox 2198 4263 2279 4310; x_wconf 83' lang='grc'><strong>19.</strong></span> <span class='ocrx_word' id='word_1_444' title='bbox 2301 4259 2439 4310; x_wconf 82' lang='lat' dir='ltr'>Item</span> <span class='ocrx_word' id='word_1_445' title='bbox 2461 4258 2570 4310; x_wconf 86' lang='lat' dir='ltr'>Od.</span> <span class='ocrx_word' id='word_1_446' title='bbox 2589 4273 2630 4311; x_wconf 91' lang='grc' dir='ltr'>ι.</span> <span class='ocrx_word' id='word_1_447' title='bbox 2656 4263 2735 4310; x_wconf 81' lang='grc'><strong>18.</strong></span> 
     </span>
    </p>
   </div>
  </div>
 </body>
</html>
