3050 4913
481 366 657 433 1212
1131 382 1520 432 ascensus
1572 383 2003 432 nm'rrouuu

480 525 562 596 ni,
590 523 846 585 invenies
871 524 1029 603 apud
1058 525 1350 585 Puteanos
1379 524 1605 593 fratres,
1638 524 1684 581 si
1715 524 1896 583 modo
1923 544 2040 583 non
2070 525 2264 603 periit.
2347 526 2503 588 Patri
2533 530 2697 590 enim

480 641 679 681 eorum
703 622 860 687 dedi,
890 634 943 680 et
968 621 1208 681 fortasse
1234 622 1493 681 Pithoeus
1516 622 1785 699 quaedam
1811 622 1975 681 aliter
1994 622 2199 693 edidit,
2229 643 2299 681 ac
2325 644 2435 703 ego
2458 626 2695 704 scripsi,

485 718 646 797 quod
679 730 871 777 tamen
901 739 1015 778 non
1045 731 1214 797 puto.
1302 721 1428 797 Ego
1457 719 1685 778 illarum
1715 721 2060 778 Glossarurn
2085 722 2340 778 omnium
2370 721 2702 801 eclogarius

483 815 610 874 fui:
691 816 785 875 Cf.
817 817 1184 894 Scaligerana
1233 816 1346 874 FF.
1376 816 1439 874 P.
1475 816 1539 875 P.
1580 835 1642 893 p.
1676 836 1750 875 m.
1798 817 1937 877 263.
1972 837 2026 875 v.
2061 818 2270 876 Perse.
2355 819 2702 878 Admodum

484 922 678 971 autern
727 924 1005 990 corrupte
1060 912 1270 989 scripta
1323 914 1497 972 fuisse
1549 913 1788 971 Scholia
1847 914 1960 985 illa,
2008 915 2138 992 jam
2197 935 2368 992 supra
2427 915 2703 975 vidimus.

489 1007 642 1066 Hinc
693 1028 762 1067 ea
807 1010 1117 1068 emendare
1168 1010 1364 1068 conati
1416 1021 1553 1068 sunt
1609 1009 1897 1079 Pithoeus,
1957 1011 2325 1088 Rutgersius,
2385 1012 2704 1084 Ferrarius,

489 1105 780 1172 Barthius‚
811 1105 1099 1174 GraeviuS‚
1142 1106 1465 1174 Rubenius,
1514 1106 1777 1174 Vossius,
1823 1107 2063 1184 aliique,
2109 1128 2355 1185 quorum
2389 1120 2553 1166 notas
2585 1127 2706 1167 una

488 1220 623 1261 curn
674 1203 788 1260 suis
838 1200 909 1259 ad
960 1201 1181 1260 calcem
1229 1200 1369 1259 edit.
1412 1220 1536 1259 sum
1577 1201 1872 1272 congessit
1917 1202 2264 1261 Herminius.
2355 1203 2514 1262 Idem
2569 1205 2706 1281 ipsa

490 1297 727 1356 Scholia
758 1297 942 1356 textui
972 1304 1163 1375 poetas
1191 1297 1469 1373 subjecit,
1511 1297 1613 1356 sed
1648 1317 1762 1356 non
1790 1298 1898 1356 rite
1938 1318 2008 1356 ac
2041 1298 2192 1358 hene
2231 1301 2536 1359 tractavit:
2580 1320 2705 1360 non

489 1393 642 1452 enini
670 1394 881 1453 Pithoei
910 1394 1229 1453 editionem
1258 1395 1451 1471 operis
1477 1393 1728 1454 librariis
1754 1394 2160 1454 excudendum
2194 1397 2453 1467 tradidit,
2495 1397 2551 1454 in
2582 1416 2707 1475 qua

489 1491 703 1559 omnia,
746 1491 919 1549 etiam
954 1490 1255 1551 manifeste
1286 1492 1516 1560 vitiosa,
1561 1490 1812 1550 fideliter
1837 1492 2133 1570 descripta
2165 1493 2550 1571 reperiuntur,
2595 1493 2707 1552 sed

491 1588 829 1658 Schrevelii,
855 1591 955 1666 qui
987 1609 1165 1665 saepe,
1211 1589 1552 1648 Salmasiani
1580 1589 1827 1647 nominis
1856 1600 2138 1666 praetextu
2171 1610 2327 1660 usus,
2373 1610 2505 1649 suas
2535 1590 2712 1651 nobis

490 1684 929 1745 emendationes
959 1686 1233 1756 obtrusit,
1280 1706 1522 1763 quarum
1560 1686 1760 1761 justas
1805 1687 2054 1745 rationes
2095 1687 2152 1744 in
2182 1690 2332 1745 notis
2377 1705 2486 1745 nec
2515 1686 2713 1759 dedit,

493 1800 602 1840 nec
653 1782 794 1841 dare
834 1783 1142 1860 potuisset.
1228 1784 1504 1842 Ceterum
1556 1784 1810 1843 Scholiis
1860 1784 1971 1843 illis
2022 1784 2212 1861 majus
2261 1783 2380 1843 fere
2429 1783 2707 1860 pretium,

493 1897 666 1957 quam
709 1880 866 1956 quod
902 1900 1035 1937 vere
1077 1878 1185 1936 illis
1215 1888 1324 1948 est,
1368 1880 1730 1938 constituisse
1773 1879 2117 1938 crediderim
2145 1881 2276 1940 Jan.
2306 1879 2708 1956 Rutgersium,

494 1975 596 2051 qui
644 1974 703 2032 in
732 1976 870 2034 Var.
919 1975 1113 2032 Lectt.
1164 1992 1209 2033 1.
1264 1972 1356 2033 16.
1401 1974 1478 2032 ita
1522 1974 1596 2032 de
1640 1975 1704 2032 iis
1735 1973 2072 2050 judicavit:
2119 1975 2289 2033 ‘Jam
2328 1974 2551 2051 pridem
2596 1985 2713 2045 est,

493 2091 628 2130 cum
656 2071 724 2129 P.
753 2072 1012 2130 Pithoeus
1049 2071 1503 2132 eruditissimum
1534 2072 1838 2132 Juvenalis
1870 2072 2232 2133 Scholiasta·
2272 2072 2481 2134 edidit.
2565 2075 2711 2143 Quo

495 2164 788 2226 beneficio
833 2167 926 2225 vix
973 2168 1089 2225 dici
1134 2178 1351 2245 potest,
1406 2179 1691 2245 quantum
1735 2170 1999 2228 cultioris
2049 2170 2364 2229 literaturae
2410 2169 2712 2231 studiosos

497 2263 866 2323 demeruerit.
955 2265 1059 2322 Est
1098 2265 1249 2324 enini
1281 2266 1327 2324 is
1357 2267 1605 2335 Auctor,
1652 2267 1709 2324 in
1740 2287 1857 2344 quo
1886 2267 2071 2325 multa
2113 2286 2184 2325 ac
2217 2264 2515 2326 recondita
2555 2266 2716 2327 anti·-

496 2359 731 2439 quitatis
762 2360 998 2438 vestigia
1029 2361 1451 2438 deprehendas,
1484 2382 1619 2441 quae
1650 2383 1763 2421 non
1793 2365 1874 2422 ita
1903 2364 2138 2424 aliunde
2170 2363 2384 2422 hauriri
2413 2371 2711 2441 poterant.

499 2458 721 2516 Multas
751 2477 969 2534 easque
993 2458 1224 2537 ignotas
1255 2459 1425 2517 nobis
1454 2459 1626 2519 affert
1648 2461 1957 2519 historias:
2003 2461 2186 2520 multa
2214 2462 2270 2519 in
2299 2462 2579 2521 Juvenale
2609 2481 2718 2521 ex-

495 2554 700 2632 plicat,
750 2556 806 2614 in
839 2555 1056 2632 quibus
1102 2556 1409 2626 hactenus,
1453 2567 1752 2635 quotquot
1782 2559 2138 2637 Interpretes
2178 2559 2307 2635 ejus
2330 2568 2551 2629 extant,
2598 2558 2717 2617 soe-

494 2651 729 2711 dissime
755 2653 900 2730 lapsi
944 2662 1100 2711 suut.
1186 2655 1278 2711 Ac
1305 2652 1476 2729 longe
1519 2652 1688 2730 plura
1716 2674 1788 2712 ex
1829 2674 1902 2712 eo
1931 2653 2078 2712 disci
2120 2662 2408 2731 poteraut,
2453 2653 2559 2712 nisi
2585 2662 2714 2713 tam

495 2748 810 2809 crudeliter
837 2749 1196 2808 deformatus
1222 2749 1298 2807 ad
1330 2769 1436 2807 nos
1465 2750 1737 2821 venisset,
1783 2762 1845 2810 ut
1887 2751 1981 2810 vix
2015 2752 2130 2810 ulla
2161 2752 2216 2811 in
2258 2772 2332 2810 eo
2360 2759 2500 2809 nota
2528 2758 2716 2823 extet,

498 2863 634 2923 quae
659 2863 778 2922 non
822 2845 1031 2923 insigni
1058 2845 1258 2923 aliquo
1304 2846 1518 2904 mendo
1558 2857 1794 2924 turpata
1842 2847 1957 2910 sit.'
2038 2849 2174 2907 Non
2213 2847 2453 2926 quidem
2483 2847 2531 2906 is
2575 2866 2714 2905 sum

499 2941 603 3019 qui
655 2951 847 3019 neget,
900 2942 1268 3001 Scholiasten
1323 2943 1696 3004 Pithoeanum
1749 2943 1929 3004 fuisse
1988 2945 2282 3003 hominem
2333 2945 2577 3003 doctum
2635 2962 2716 3003 ac

499 3036 749 3113 peritum
783 3037 956 3114 juris,
989 3037 1263 3109 historiae,
1306 3038 1620 3117 religionis,
1673 3040 2004 3118 rituumque
2034 3049 2321 3110 veterum,
2360 3041 2464 3118 qui
2492 3039 2717 3119 passim

497 3139 694 3211 poetae
738 3145 985 3192 mentem
1029 3146 1186 3193 recte
1228 3136 1467 3213 ceperit,
1514 3138 1885 3215 multumque
1914 3137 2065 3196 lucis
2105 3135 2379 3196 affuderit
2420 3137 2566 3196 locis
2606 3135 2718 3194 ali-

501 3239 650 3307 quot
683 3228 973 3289 obscuris.
1058 3232 1266 3308 Neque
1313 3232 1488 3289 etiam
1532 3231 1834 3303 dissimilo,
1880 3233 2098 3291 multas
2137 3233 2267 3309 ejus
2304 3231 2718 3291 annotationes

499 3335 623 3384 tunt
679 3326 928 3403 priscam
985 3335 1233 3397 oetatem,
1292 3339 1418 3387 tum
1474 3329 1802 3407 elegantem
1859 3329 2096 3407 pulchri
2148 3347 2381 3387 sensum
2436 3327 2718 3406 prodere,

499 3421 805 3500 variasque
845 3422 1015 3482 nohis
1066 3443 1323 3483 servasse
1359 3423 1614 3496 fabulas,
1663 3427 1930 3485 historias
1975 3435 2038 3484 et
2078 3424 2381 3502 opiniones
2421 3423 2717 3501 antiquas,
2825 3491 2830 3493 v

500 3537 633 3595 quae
674 3518 815 3578 alibi
852 3519 1067 3579 frustra
1110 3531 1471 3598 quaeruntur.
1554 3523 1668 3582 Sed
1710 3523 1864 3582 idem
1908 3542 2148 3601 quoque
2187 3530 2347 3581 recte
2388 3520 2530 3579 mihi
2571 3539 2721 3579 con-

500 3615 740 3676 tendere
783 3615 1001 3687 videor,
1048 3617 1299 3694 primum
1353 3617 1528 3695 longe
1575 3617 1853 3697 plurimas
1896 3618 2027 3695 ejus
2067 3617 2497 3695 explicationes
2537 3615 2716 3675 nimis

500 3713 658 3771 leves
688 3731 758 3771 ac
788 3712 1064 3783 triviales,
1110 3723 1313 3773 tenues
1343 3725 1400 3773 et
1433 3715 1699 3792 jejunas,
1746 3714 1987 3773 subtiles
2015 3726 2072 3772 et
2101 3726 2358 3792 argutas,
2402 3713 2622 3773 alienas
2653 3725 2723 3774 et

501 3810 743 3887 ineptas,
774 3809 1057 3869 obscuras
1085 3821 1147 3868 et
1174 3821 1474 3871 contortas
1503 3830 1631 3871 esse
1648 3834 1666 3882 ;
1712 3810 1944 3881 deinde,
1990 3814 2224 3890 quoties
2265 3809 2388 3871 fere
2415 3812 2448 3870 J
2456 3811 2722 3872 uvenalis

501 3905 575 3963 ad
606 3906 835 3983 ignotos
864 3908 1031 3966 nobis
1063 3907 1325 3967 homines
1353 3909 1441 3968 vel
1469 3920 1712 3968 eventus
1751 3909 1839 3967 sui
1867 3908 2148 3985 temporis
2189 3908 2463 3987 respiciat
2488 3919 2548 3966 et
2575 3907 2720 3968 inde

501 4001 799 4059 materiam
828 4013 990 4080 petat
1032 4003 1392 4074 facetiarum,
1437 4004 1624 4075 illum,
1653 4005 1926 4073 Acronis‚
1970 4003 2410 4082 Porphyrionis,
2441 4004 2724 4063 aliorum-

504 4119 620 4178 que
647 4103 1153 4178 grammaticorum
1183 4101 1474 4179 exemplo,
1519 4120 1635 4160 non
1664 4102 1782 4159 alia
1810 4121 1881 4160 ac
1909 4101 2081 4179 plura
2122 4119 2227 4159 nos
2256 4099 2494 4170 docere,
2535 4120 2721 4177 quam

504 4216 638 4280 quae
680 4216 753 4256 ex
793 4197 937 4275 ipsis
981 4203 1176 4277 poetae
1217 4198 1408 4258 verbis
1455 4218 1814 4277 cognoscere
1853 4198 2047 4270 liceat,
2096 4197 2210 4269 vel,
2250 4197 2386 4278 quia
2417 4197 2548 4259 haec
2592 4217 2721 4258 non
