3050 4913
1189 426 1468 483 SATIRA
1519 433 1635 483 111.

304 570 646 654 Porticus»,
677 574 997 641 insomnis
1016 578 1263 661 quibus
1292 583 1361 641 et
1389 578 1671 643 detonsa
1688 577 2009 661 juventus

307 674 644 758 Invigilat,
674 679 937 762 siliquis
966 683 1031 743 et
1057 679 1288 762 grandi
1315 670 1514 763 pa'sta
1541 679 1851 763 polenta:
2309 740 2312 743 ,
2434 683 2521 748 55

306 776 396 843 Et
423 779 568 857 tibi,
599 801 748 863 quae
781 780 1049 846 Samios
1079 781 1344 848 diduxit
1368 782 1562 846 litera
1586 802 1833 861 ramoS,

304 879 699 963 Surgentem
726 884 962 950 dextro
987 886 1378 951 monstravit
1405 886 1611 949 limite
1641 885 1902 952 callem.

304 981 544 1047 Stertis
573 984 839 1050 adhuc?
884 986 1249 1070 laxumque
1279 992 1485 1070 caput
1510 1005 1834 1070 compage
1851 987 2074 1053 soluta

302 1083 573 1151 Oscitat
595 1087 987 1166 hesternum,
1014 1088 1291 1154 dissutis
1318 1089 1609 1174 undique
1637 1090 1834 1154 malis
1855 1091 1885 1153 'l

297 1278 496 1325 nudae
508 1277 706 1338 juvenes
725 1281 913 1344 vigiles,
931 1281 1054 1330 rasis
1072 1278 1275 1345 capillis,
1291 1285 1522 1330 ementes
1542 1279 1867 1342 tegminibus,
1889 1285 1940 1330 et
1970 1282 2106 1344 pulte
2123 1296 2296 1332 crassa.
2364 1283 2433 1333 Εἰ
2457 1284 2515 1333 li-

297 1343 407 1390 tero
437 1357 540 1406 quae
558 1344 733 1395 dividit
753 1362 908 1396 ramos
928 1346 1127 1407 Sossios,
1151 1346 1354 1395 ostendit
1370 1344 1460 1394 tien·
1481 1344 1606 1395 eiam
1625 1346 1825 1394 arduam
1844 1347 2016 1395 dextro
2035 1349 2168 1396 ealle.
2241 1347 2517 1398 Etiamnum

296 1404 515 1457 dormis?
548 1409 618 1458 Et
639 1415 779 1475 caput
795 1412 998 1461 solatum
1006 1411 1250 1472 juncturis
1269 1410 1449 1461 laxatis
1466 1411 1704 1460 oscitando
1722 1411 1929 1461 exhalat
1946 1411 2211 1462 hesternam
2232 1413 2517 1477 crapulam,

1231 1551 1588 1575 OOOOOOOC‘OO‘

297 1650 441 1700 ‹ln-vu
457 1666 474 1700 .·
524 1666 690 1718 neque
711 1654 848 1705 enim
868 1654 1058 1707 Latina
1076 1656 1240 1708 oratio
1274 1663 1354 1707 est
1383 1658 1607 1708 deducere
1626 1671 1801 1721 ramos,
1822 1671 1919 1720 pro
1940 1655 2188 1721 dividere,
2208 1661 2265 1707 et
2297 1655 2350 1705 in
2384 1654 2511 1705 duas

1298 1815 1516 1869 NOTAE

293 1934 498 2001 depicti
537 1944 687 1986 erant
726 1939 905 1989 Persae
948 1947 1005 1991 et
1046 1941 1192 1992 Medi
1242 1955 1359 1991 cum
1434 1942 1643 2007 polenta,
1675 1904 1838 1992 virum
1870 1949 2020 1993 notat
2052 1940 2342 1991 robustum-
2363 1939 2511 1990 forti-

295 2012 477 2062 Xerxe
512 2020 568 2062 et
602 2015 768 2066 Dario
803 2017 1029 2081 Regibus
1063 2018 1296 2083 superati
1329 2033 1362 2067 a
1444 2033 1543 2082 que
1564 2020 1827 2069 stomacho
1852 2021 2132 2081 valentem,
2167 2018 2256 2082 qni
2289 2018 2510 2068 multum

293 2090 560 2152 Miltiade,
601 2092 853 2156 Leonida,
897 2095 1263 2155 Themistocle,
1306 2095 1359 2144 in

293 2168 507 2233 Campis
541 2169 902 2234 Marathoniis,
939 2173 1063 2223 item
1097 2172 1164 2222 ad
1196 2174 1361 2222 Ther·

290 2246 544 2309 mopylss,
578 2253 635 2297 et
667 2248 732 2297 ad
769 2250 984 2298 Fretum
1016 2248 1359 2298 Salaminium.

287 2320 428 2370 Vide
460 2323 744 2386 Laiirtium,
781 2327 917 2376 Plin.
939 2338 1112 2375 xxxv.
1134 2330 1185 2375 9.
1234 2326 1360 2375 Dio-

288 2397 409 2447 dor.
451 2413 531 2448 vr.
571 2405 622 2451 9.
672 2401 933 2453 Herodot.
988 2402 1256 2454 Plutarch.
1304 2409 1360 2453 et

290 2476 442 2525 alios.

357 2551 542 2616 Medis]
609 2555 795 2620 Populi
818 2556 959 2607 Λεία
996 2555 1208 2608 fuerunt
1230 2558 1358 2607 mari

289 2631 481 2693 Caspio
504 2630 682 2682 affines
703 2648 879 2683 versus
906 2635 1322 2698 Septentrionem
1342 2652 1358 2698 ;

288 2706 454 2756 totius
486 2709 738 2771 qnondam
762 2709 901 2760 Asiae
922 2710 1150 2774 Imperio
1185 2712 1360 2775 potiti.

289 2782 448 2832 Nunc
471 2798 530 2832 ea
554 2787 697 2848 regio
722 2786 917 2835 Persiae
941 2801 1059 2850 pars
1078 2793 1176 2838 est.

355 2865 420 2910 54
455 2862 918 2926 Delossujueentus]
970 2864 1175 2928 Quippe
1197 2864 1357 2914 Stoici

282 2951 488 2990 emnam
512 2954 614 2989 non
634 2942 859 2991 alebant.
927 2942 1083 2994 Quod
1110 2957 1355 3005 expresse

283 3022 439 3065 notat
479 3017 722 3067 Juvenal.
766 3019 878 3068 Sat.
920 3032 985 3069 u.
1037 3019 1123 3068 nbi
1161 3019 1352 3068 habet:

284 3091 305 3120 ⁴
330 3092 499 3142 Rarus
531 3107 701 3144 sermo
741 3095 859 3156 illis,
891 3101 948 3144 et
985 3109 1171 3157 magna
1191 3094 1355 3144 libido

284 3169 516 3230 tacendi,
537 3169 714 3234 Atque
740 3172 1018 3234 supercilio
1043 3171 1251 3220 brevior
1270 3186 1354 3221 co-

284 3245 408 3295 ma.’
491 3249 666 3299 Quare
716 3249 1095 3298 hallucinantur
1143 3249 1232 3313 qni
1284 3249 1355 3297 le-

282 3329 437 3385 gunt,
470 3323 553 3372 vel
591 3325 795 3386 intonsa,
847 3326 931 3374 vel
976 3325 1252 3382 indecens&
1298 3334 1353 3376 et

281 3399 458 3447 notari
498 3400 675 3449 volunt
710 3401 956 3450 incuriam
996 3410 1053 3451 et
1092 3402 1353 3466 negligen-

282 3475 413 3523 tiam
434 3475 639 3525 habitus
657 3479 863 3527 externi
895 3479 948 3526 in
970 3479 1232 3540 studiosis,
1253 3480 1351 3529 cri-

280 3562 381 3599 nes
402 3558 683 3614 propterea
715 3567 816 3602 non
840 3554 1209 3603 tondentibus:
1262 3569 1351 3604 ne-

284 3640 388 3689 que
413 3635 569 3677 nocet
588 3628 724 3691 quod
747 3629 978 3690 legemus
994 3645 1113 3679 mox
1139 3631 1248 3680 Sat.
1272 3645 1349 3680 w.

280 3703 355 3752 de
392 3703 607 3753 barbato
643 3706 903 3770 magistro.
983 3708 1116 3757 Nam
1156 3708 1223 3758 de
1257 3709 1350 3757 So-

280 3789 431 3832 crate
459 3783 527 3831 ibi
550 3798 715 3833 sermo
736 3791 850 3844 est3
902 3785 985 3834 hic
1025 3785 1091 3835 de
1126 3785 1347 3836 Stoicis:

281 3858 413 3908 alios
431 3867 602 3908 autem
626 3861 739 3910 aliis
763 3863 894 3911 ritus
919 3867 973 3911 et
1000 3876 1171 3911 mores
1193 3862 1347 3912 fuisse

280 3943 508 3985 constat.

346 4017 412 4061 55
447 4011 645 4076 Sih‘qm‘s
680 4018 728 4062 et
757 4014 931 4075 pandi
964 4019 1103 4077 pasta
1138 4015 1347 4078 polenia]

276 4089 459 4138 Vietui
497 4090 701 4138 modico
740 4098 795 4138 et
841 4090 1215 4154 philosophico,
1254 4105 1344 4140 seu

274 4165 438 4216 facile
473 4167 692 4230 parabili
731 4173 956 4215 assueta.
1024 4166 1208 4228 Suiqw
1230 4181 1345 4229 pro-

274 4243 393 4309 prie
417 4251 498 4294 est
520 4245 818 4306 operculum
854 4258 946 4292 seu
980 4242 1238 4292 folliculus
1273 4243 1347 4291 le-

275 4321 519 4386 guminis.
585 4321 738 4373 Quod
764 4320 910 4370 addit
926 4313 1158 4384 Persius,
1170 4319 1348 4383 grandi

413 4401 595 4465 Delple.
615 4405 665 4450 et
694 4402 810 4451 Ver.
836 4401 987 4451 Clas.

1442 2095 1588 2157 panis
1611 2095 1827 2147 devoret
1849 2094 2187 2155 solummodo,
2225 2094 2390 2144 nullas
2425 2109 2512 2143 an·

1442 2177 1549 2220 tem
1569 2186 1787 2221 earnes:
1842 2171 2024 2237 quibus
2059 2172 2219 2220 etiam
2259 2170 2399 2220 vesci
2421 2185 2512 2220 ne·

1439 2247 1520 2297 fas
1541 2263 1655 2298 esse
1677 2249 1962 2299 credebant
1985 2247 2344 2313 Pythagorici.

1506 2326 1730 2391 Poleam]
1777 2326 2104 2376 Peculiarem
2123 2324 2328 2375 Graecis
2349 2324 2508 2375 fuisse

1439 2401 1615 2452 cibum
1636 2401 1820 2451 dicunt
1857 2401 2122 2460 nonnulli;
2169 2400 2258 2451 alii
2293 2408 2507 2466 negant,

1438 2486 1499 2531 et
1519 2481 1642 2545 poni
1668 2480 1815 2529 aiunt
1853 2494 1949 2542 pro
1987 2477 2221 2544 quolibet
2260 2492 2394 2540 pane
2430 2492 2508 2527 se-

1435 2556 1711 2617 cundario,
1749 2563 1804 2607 et
1848 2570 1940 2618 pro
1980 2555 2125 2618 pulte
2163 2554 2339 2604 etiam.
2420 2557 2507 2605 De

1434 2633 1625 2696 polenta
1669 2632 1783 2681 fuse
1827 2631 2026 2681 Plinius
2057 2643 2229 2692 Axvm.
2278 2634 2328 2678 7.
2379 2629 2505 2682 item

1442 2722 1584 2759 xxxi.
1605 2713 1687 2761 25.

1503 2791 1568 2835 ⁶6
1602 2787 1673 2835 Et
1693 2784 1920 2848 tibi,quae
1942 2782 2148 2847 Senties]
2179 2782 2496 2847 Pythagorae

1436 2863 1592 2913 etiam
1616 2862 1926 2912 documenta
1947 2859 2209 2910 delibasti.

1501 2940 1709 3003 Samios]
1774 2940 1913 2992 Quia
1963 2939 2205 2988 inventor
2253 2936 2389 2987 illius
2429 2939 2506 2988 rei

1434 3016 1762 3080 Pylhqoras
1780 3015 2027 3065 oriundus
2048 3021 2157 3064 erat
2181 3030 2210 3064 e
2229 3015 2403 3077 Samo,
2423 3015 2507 3064 ln-

1433 3093 1549 3142 sula
1587 3093 1739 3142 maris
1773 3091 1961 3155 AEgaei,
1997 3106 2062 3140 ex
2102 3092 2323 3141 adverso
2360 3089 2503 3141 urbis

1434 3168 1643 3232 Ephesi.

1498 3245 1691 3309 Litem]
1735 3244 1940 3307 Nempe
1977 3244 2045 3303 Y,
2080 3259 2174 3307 per
2208 3243 2357 3306 cujus
2381 3241 2505 3294 dex-

1434 3328 1571 3370 trum
1628 3335 1793 3371 cornu
1837 3328 2112 3384 angustum
2163 3319 2369 3369 virtutis
2424 3332 2506 3365 ar-

1434 3399 1591 3447 duum
1617 3400 1753 3457 iter;
1806 3412 1898 3461 per
1921 3397 2182 3446 sinistrum
2223 3397 2398 3456 latins,
2430 3395 2504 3443 vi-

1432 3475 1620 3524 tiorum
1645 3473 1853 3523 facilem
1874 3474 2011 3522 viam
2050 3474 2375 3536 Pythagoras
2411 3470 2502 3519 de·

1430 3551 1682 3611 signabat.
1763 3549 1899 3598 Vide
1950 3546 2232 3597 La'ertium.
2314 3547 2501 3607 Virgil.

1430 3628 1750 3690 Epigramm.
1776 3625 1842 3674 de
1866 3626 2018 3674 litera
2038 3624 2105 3673 Y.
2152 3623 2168 3650 ‘
2193 3621 2370 3671 Litera
2394 3621 2499 3684 Py·

1430 3704 1661 3766 thagora·⁴
1682 3701 1975 3750 discrimine
2001 3705 2145 3748 secta
2168 3698 2364 3748 bicorni
2390 3697 2504 3750 Hu-

1428 3794 1593 3829 manae
1611 3779 1729 3828 vitae
1747 3777 1974 3840 speciem
1993 3773 2238 3840 praeserre
2255 3771 2503 3835 videtur,'

1427 3861 1530 3905 &m
1620 3855 1783 3917 Hujus
1821 3854 1988 3902 literae
2041 3849 2257 3900 formam
2305 3849 2500 3900 dicitur

1431 3931 1735 3981 Palamedes
1771 3946 1802 3979 e
1843 3943 2028 3993 gruum
2063 3927 2236 3978 volatu
2268 3925 2500 3976 finxisse.

1430 4008 1735 4056 Philostral.
1759 4006 1851 4054 lib.
1877 4019 1953 4053 tv·

1491 4089 1557 4133 58
1599 4083 1776 4133 Sic-rtis
1811 4081 1985 4144 adhuc]
2033 4083 2110 4130 Tu
2148 4081 2350 4131 scilicet
2389 4086 2498 4130 tam

1430 4161 1564 4211 bene
1585 4161 1857 4220 educatus,
1883 4160 1959 4207 ita
1995 4157 2221 4207 molliter
2253 4162 2310 4210 et
2330 4154 2499 4218 segni·

1429 4247 1513 4288 ter
1535 4238 1687 4302 vivis,
1706 4245 1763 4288 nt
1779 4237 1936 4287 etiam
1959 4248 2097 4286 nune
2120 4229 2380 4285 dormias?

1329 4398 1471 4451 Pers.
2318 4387 2363 4438 1³
