3050 4913
541 360 686 428 292
1197 376 1339 428 nac
1354 376 1580 425 ansus
1630 374 2055 424 ιιιιιτιοιιυιι

631 517 942 591 Zechiana,
960 526 1107 579 teste
1133 519 1322 579 estat.
1353 518 1515 596 Lips.
1554 525 1728 586 1782.
1760 517 1939 588 edito,
1970 538 2035 595 p.
2069 516 2171 590 61,
2200 537 2259 576 n.
2288 521 2435 587 995.
2460 515 2569 576 nisi
2590 532 2756 575 men·

635 616 779 675 dum
807 617 1029 675 subest.
2694 645 2703 651 ·

559 721 712 782 1507
753 712 1067 790 Lipsiensis
1095 712 1326 790 (Lipzk)
1353 712 1456 772 fol.
1485 713 1735 781 Persius,
1768 712 1894 776 sine
1922 711 2102 771 notis.

553 841 636 852 —
658 807 930 886 Lugdun.
961 808 1062 866 sol.
1095 807 1235 866 min.
1265 827 1316 866 s.
1340 816 1397 866 4.
1419 810 1496 866 A.
1527 808 1705 866 Persii
1733 806 2030 866 familiaris
2057 805 2391 884 explanatio
2420 826 2478 864 c.
2508 806 2759 885 interpr.

634 906 730 963 Jo.
764 905 1125 972 Britannici;
1166 903 1482 981 praemissae
1509 904 1781 962 Beroaldi
1826 912 1887 962 et
1936 903 2203 962 Politiani
2232 903 2288 959 in
2319 903 2575 961 Persium
2607 922 2766 980 [ιι-ε-

636 999 954 1067 lectiones;
995 1000 1113 1058 vid.
1144 1000 1274 1057 Cat.
1307 998 1459 1056 Bibl.
1491 998 1581 1056 111.
1612 998 1679 1057 L.
1711 1000 1778 1057 B.
1808 998 1881 1057 de
1912 999 2084 1058 Zech.
2118 1018 2178 1056 n.
2208 997 2349 1058 658.
2377 1018 2435 1075 p.
2467 996 2567 1058 46.

563 1103 720 1158 1510
761 1095 1037 1174 Lugdun.
1083 1105 1141 1155 4.
1186 1095 1442 1165 Persius,
1498 1096 1708 1173 Repet.
1756 1095 1851 1154 ed.
1906 1103 2081 1165 1507,
2121 1105 2270 1154 teste
2312 1095 2519 1160 eodem
2564 1094 2775 1161 Catal.;

638 1210 698 1248 ιι.
720 1190 862 1261 659.
2684 1249 2693 1256 .

564 1292 714 1350 1515
763 1284 1011 1345 Persius,
1065 1284 1284 1360 (forsan
1338 1304 1475 1343 cum
1528 1283 1766 1362 interpr.
1819 1284 1914 1343 Jo.
1972 1283 2314 1354 Britannici,
2372 1284 2645 1350 Beroaldi
2698 1293 2763 1343 et

632 1378 902 1440 Politiani
939 1380 1229 1458 praelectt.
1263 1389 1325 1439 et
1351 1379 1631 1455 impressa
1658 1397 1765 1455 per
1788 1379 1845 1438 J.
1878 1382 1951 1438 Α.
1982 1379 2427 1454 Seinzeuzeler.)
2493 1383 2674 1440 Extat
2702 1378 2762 1438 in

637 1475 789 1536 Bibt.
822 1475 1092 1534 Francos.
1121 1475 1196 1534 ad
1229 1477 1315 1534 M.
1338 1485 1483 1535 teste
1512 1475 1702 1534 Catal.
1732 1477 1826 1534 Jo.
1846 1478 1976 1537 Jac.
2006 1476 2196 1535 Lucii.

553 1604 638 1618 --
666 1571 1108 1650 Lips.(Liptzk)
1135 1581 1191 1632 4.
1222 1569 1476 1630 Persius.
1521 1569 1659 1629 Vid.
1686 1570 1764 1629 ill.
1794 1571 1991 1631 Zechii
2021 1572 2179 1633 Bibl.
2210 1572 2343 1630 Cat.
2371 1571 2413 1629 l.
2436 1591 2492 1629 c.
2524 1590 2583 1629 ιι.
2616 1569 2762 1630 660.

562 1667 716 1730 1516
758 1668 998 1737 Veneta,
1028 1668 1132 1726 fol.
1158 1665 1679 1745 Castigatissimum
1709 1668 1888 1726 Persii
1924 1674 2169 1745 poema:
2215 1687 2351 1726 cum
2390 1667 2563 1726 Joan.
2602 1668 2764 1743 Bap-

638 1763 793 1823 tistae
839 1763 1052 1823 Plautii
1095 1762 1371 1841 frugifera
1419 1763 1934 1841 interpretatione:
1994 1785 2103 1824 nec
2153 1783 2269 1822 non
2322 1783 2457 1822 cum
2513 1761 2761 1824 Cornuti

640 1859 976 1939 philosophi
1024 1859 1154 1936 ejus
1206 1860 1628 1937 praeceptoris:
1690 1859 1930 1918 Joannis
1979 1860 2299 1919 Britannici
2351 1859 2645 1921 Brixiani:
2688 1878 2761 1918 ac

642 1955 1038 2016 Bar-tholomei
1075 1955 1265 2014 Fontii
1313 1956 1505 2014 aureis
1550 1956 1999 2014 commentariis.
2071 1957 2138 2014 In
2159 1955 2308 2016 fine:
2363 1957 2760 2034 ‘Impressum

642 2051 903 2112 Venetiis
948 2071 1052 2130 per
1096 2052 1380 2122 Joannem
1423 2050 1663 2122 rubeum
1706 2052 2151 2111 vercellensem.
2196 2054 2370 2110 Anno
2397 2071 2434 2111 a
2460 2052 2764 2122 nativitate

643 2147 883 2216 Domini
933 2163 1189 2207 Moxvx.
1219 2146 1314 2204 die
1355 2167 1493 2214 ,vero
1520 2163 1690 2206 xxv.
1720 2149 1937 2206 Mensis
1963 2149 2182 2225 Aprilis
2210 2149 2511 2225 Regnante
2538 2148 2763 2228 inclyto

640 2262 712 2302 ac
766 2243 1128 2302 foelicissimo
1183 2242 1445 2321 principe
1513 2243 1825 2303 Leonardo
1894 2243 2458 2303 lauredano.'—Sic
2528 2245 2760 2303 titulum

641 2339 815 2398 nobis
843 2338 1210 2417 descriptum
1238 2337 1696 2398 communicavit
1745 2338 1831 2408 vir
1874 2337 2324 2399 humanissimus
2353 2341 2510 2416 Aug.
2542 2339 2762 2398 Christ.

644 2434 938 2495 Borheck.

562 2566 643 2578 -
671 2532 1026 2602 Daventriae,
1057 2541 1115 2591 4.
1154 2530 1382 2599 Persius
1424 2550 1556 2590 cum
1606 2532 1891 2609 Ecphrasi
1918 2543 1978 2591 et
2007 2532 2257 2592 Scholiis
2295 2532 2394 2593 Jo.
2422 2532 2765 2594 Murmellii.

644 2627 779 2686 vid.
810 2629 942 2688 Cat.
973 2627 1133 2687 Bibl.
1159 2627 1341 2686 Zech.
1391 2647 1452 2686 n.
1492 2626 1637 2695 661.
1665 2628 1785 2704 (Jo.
1815 2629 2185 2689 Murmellius
2232 2629 2380 2688 obiit
2425 2630 2763 2690 Daventriae

656 2726 858 2794 1527.)

575 2825 724 2887 1517
771 2817 1059 2887 Colonioe,
1101 2826 1140 2875 4
1177 2818 1316 2876 min.
1373 2818 1548 2887 Nova
1585 2819 2001 2878 commentaria
2047 2818 2103 2878 in
2153 2820 2434 2881 Persium.
2464 2824 2538 2883 A.
2586 2822 2775 2888 Persii

650 2913 842 2974 Flacci
871 2916 1098 2991 Satyrae
1127 2914 1543 2989 complusculis
1571 2914 1787 2991 quibus
1815 2915 2121 2974 scatebant
2143 2916 2363 2975 mendis
2393 2931 2761 2997 repurgatae:

646 3028 785 3069 cum
813 3008 1098 3087 Ecphrasi
1123 3020 1183 3068 et
1210 3009 1457 3070 Scholiis
1474 3010 1722 3071 Joanuis
1753 3011 2067 3071 Murmellii
2094 3014 2626 3076 Ruremundensis:

1450 3139 1885 3198 Mami-utus.

888 3266 1099 3342 Sepius
1129 3265 1184 3324 in
1217 3264 1367 3325 libro
1392 3279 1746 3328 memoratur
1770 3270 2001 3328 Persius
2030 3290 2147 3329 uno

971 3362 1163 3427 Quam
1192 3370 1353 3419 totus
1382 3382 1588 3440 magna
1621 3365 1851 3422 Marsus
1880 3365 2260 3425 Amazonide.

651 3477 721 3535 ln
750 3472 904 3534 fine:
953 3480 971 3506 ‘
1004 3473 1354 3551 Impressum
1383 3475 1627 3534 Colonie
1647 3476 1703 3535 iu
1726 3475 1957 3536 officina
1986 3477 2224 3537 libraria
2254 3479 2550 3547 Quentell.
2599 3486 2764 3542 Anno

575 3643 581 3649 ῃ
651 3570 891 3647 Domini
939 3585 1229 3630 Muxvn.
1281 3570 1335 3627 in
1381 3572 1759 3648 Septembri.¹
1842 3572 2036 3646 Hujus
2085 3575 2179 3633 ed.
2226 3574 2455 3633 rarioris
2504 3579 2767 3653 notitiam

649 3669 935 3729 debemus
965 3666 1086 3725 viro
1124 3666 1513 3725 literatissimo
1542 3669 1614 3727 A.
1643 3669 1714 3727 C.
1743 3668 2039 3727 Botheck.

577 3772 734 3837 1520
759 3763 939 3823 Paris.
969 3772 1029 3822 4.
1051 3762 1282 3821 Persius
1309 3783 1364 3821 c.
1391 3762 1634 3841 interpr.
1662 3761 1757 3821 Jo.
1787 3762 2123 3821 Britannici.
2156 3764 2307 3822 Bibl.
2326 3766 2505 3833 Zech.
2534 3787 2595 3826 n.
2624 3768 2777 3833 662..

579 3868 731 3920 1522
773 3860 985 3917 Colon.
1018 3868 1076 3917 4.
1105 3863 1176 3916 Α.
1209 3857 1384 3916 Persii
1412 3857 1605 3916 Flacci
1635 3858 1882 3936 Satyrae,
1911 3857 2687 3940 luculentissima'Ecphrasi,
2708 3877 2769 3924 et

654 3953 906 4014 Scholiis
934 3955 1261 4013 doctissimi
1293 3954 1397 4011 viri
1421 3955 1559 4014 Joh.
1587 3953 1898 4012 Murmellii
1930 3955 2423 4015 Ruremundensis
2464 3971 2769 4036 enarrata,

655 4049 937 4107 -Herm.
969 4050 1204 4107 Buschii
1233 4051 1498 4131 epistola,
1527 4069 1643 4127 qua
1671 4050 1929 4109 Persiani
1965 4052 2199 4127 Prologi
2226 4062 2285 4112 et
2313 4053 2516 4131 primae
2546 4058 2766 4134 Satyrae

645 4152 1060 4224 ⁴argumentum
1116 4144 1724 4231 &plicatum—Apud
1781 4149 2062 4208 Sanctam
2112 4147 2397 4210 Ubiorum
2460 4140 2767 4235 Coloniam
