3050 4913
551 345 687 417 304
1050 365 1438 416 ascensus
1484 364 1824 413 conicum
1873 364 1944 411 A.
1994 364 2267 413 pensu.

643 508 827 574 Inter
869 509 1309 574 Burneienses
1359 504 1560 570 codd.
1608 525 1741 569 non
1784 524 1960 570 nunc
2006 523 2429 569 numeramus
2479 524 2598 570 eos
2641 505 2763 570 nbi

556 612 603 677 J
607 632 715 675 uv.
746 618 814 677 et
841 611 1116 677 Persius
1146 609 1478 694 conjuncti
1506 609 1947 688 inveniantur3
1986 607 2068 670 de
2095 608 2199 672 his
2225 606 2403 671 enim
2418 609 2565 693 jam
2594 609 2768 672 satis

557 715 626 779 in
656 714 792 778 alio
821 713 973 777 loco
1003 713 1253 776 dictum
1281 716 1402 774 est.

647 815 784 879 His
835 815 1063 878 forsan
1119 812 1466 896 adjiciatur
1516 809 1894 892 exemplare
1944 808 2103 873 edit.
2156 808 2312 873 Lut.
2361 808 2517 874 Svo.
2568 808 2769 874 1590.

560 918 740 1001 typis
769 915 1032 1000 quidem
1064 915 1474 997 impressum,
1510 916 1706 975 notas
1735 929 1894 975 vero
1925 909 2097 973 Mss.
2128 910 2210 972 cl.
2241 910 2525 975 Bentleii
2554 909 2770 984 conti·

559 1037 739 1082 nens.
781 1016 944 1081 Vid.
981 1014 1154 1078 Brit.
1197 1011 1364 1075 Mus.
1402 1009 1550 1074 Cat.
1581 1013 1708 1075 sub
1742 1008 1987 1076 Persio-

648 1118 879 1184 Alium
908 1120 1106 1182 etiam
1150 1116 1390 1179 librum
1436 1115 1740 1198 impress.
1786 1113 1913 1177 hoc
1963 1112 2099 1176 loci
2146 1112 2560 1193 indicamus3
2606 1111 2772 1177 Per-

562 1223 733 1286 sium
761 1239 1022 1303 nempe,
1050 1220 1202 1283 Svo.
1235 1217 1383 1280 Lut.
1412 1217 1607 1280 1585.
1633 1235 1788 1279 cum
1813 1214 1986 1278 notis
2019 1213 2193 1278 Mss.
2228 1213 2322 1280 Is.
2356 1212 2769 1280 Casauboni.

567 1318 742 1384 Brit.
776 1318 950 1383 Illas.
985 1316 1198 1382 Catal.
1228 1321 1353 1383 sub
1390 1315 1630 1381 Persio.

1415 1417 1669 1482 Codices
1705 1416 1910 1481 Oxou.

652 1523 854 1601 Quod
899 1521 985 1586 ad
1037 1523 1230 1586 codd.
1259 1521 1443 1586 PerS.
1485 1518 1672 1583 Bodl.
1703 1525 1984 1603 spectat,
2015 1539 2170 1602 quae
2198 1519 2425 1602 'supra
2475 1519 2768 1586 diximus

566 1624 915 1700 sufficiant,
946 1623 1061 1687 ubi
1089 1624 1133 1686 J
1138 1643 1250 1687 uv.
1292 1630 1358 1686 et
1408 1622 1597 1687 Pers.
1630 1622 1824 1686 codd.
1870 1622 2268 1705 conjunctos
2313 1622 2773 1686 tractavimus.

563 1725 892 1809 Accipias
919 1729 1131 1787 tamen
1167 1720 1467 1787 Canonici
1498 1722 1646 1786 Lat.
1673 1723 1785 1786 46.
1811 1722 2002 1788 Pers.
2033 1722 2177 1786 Sat.
2204 1722 2314 1785 cui
2340 1720 2615 1785 Horatii
2639 1719 2771 1786 Ars

568 1826 848 1892 Poetica
876 1826 1304 1908 subjungitur.

651 1926 851 2004 Quod
883 1926 970 1990 ad
996 1925 1492 2002 d’Orvillianos,
1519 1924 1793 1989 Persius
1820 1922 1867 1987 J
1872 1923 2131 1988 uvenali
2160 1923 2603 2007 subjungitur.

1333 2022 1587 2089 Codices
1623 2021 1926 2087 Cantabr.

655 2129 973 2193 Similiter
1001 2128 1349 2192 dicendum
1378 2134 1481 2193 est
1510 2127 1596 2190 de
1627 2123 2269 2210 Cantabrigiemibus.
2353 2125 2632 2190 Persius
2661 2145 2777 2191 ac·

572 2231 921 2316 cipiendus
952 2236 1052 2295 est
1079 2229 1481 2312 conjunctim
1512 2247 1666 2292 cum
1699 2227 1746 2292 J
1750 2227 2024 2292 uvenale
2051 2226 2168 2311 (de
2216 2245 2350 2309 quo
2395 2227 2633 2292 videas
2661 2247 2773 2292 su-

568 2328 745 2418 pra),
791 2331 912 2396 sed
937 2351 1066 2395 non
1097 2331 1476 2413 separatim,
1529 2331 1659 2394 nisi
1707 2330 1777 2398 in
1815 2348 1949 2394 uno
1997 2328 2252 2394 Codice
2294 2330 2412 2411 qui
2450 2330 2614 2393 olim
2643 2329 2783 2394 fuit-

567 2434 844 2498 Thomae
878 2431 1070 2510 Gale,
1122 2451 1293 2496 nunc
1350 2431 1535 2495 Trin.
1586 2429 1753 2495 Coll.
1828 2428 1998 2499 Cod.
2037 2431 2372 2513 antiquus,
2403 2431 2773 2496 membran.

571 2536 933 2612 continens,
973 2555 1120 2598 cum
1153 2533 1325 2610 aliis,
1360 2532 1578 2596 Persii
1628 2532 1907 2609 SatiraS,
1939 2550 2108 2614 quas
2148 2535 2323 2601 notae
2349 2530 2775 2614 plurimae;et

572 2634 886 2721 informis
911 2634 1186 2711 curiosis,
1217 2633 1631 2698 comitantur.

1436 2731 1642 2796 Codex
1674 2730 1911 2794 Scotus.

659 2837 738 2902 In
769 2836 1062 2900 biblioth.
1103 2834 1599 2899 Advocatorum
1648 2833 1827 2915 apud
1878 2832 2063 2899 Scot.
2109 2838 2210 2896 oet
2257 2831 2403 2896 cod.
2457 2832 2600 2898 Ms.
2649 2852 2777 2899 sex

575 2939 711 3003 Sat.
743 2937 959 3001 Persii
988 2936 1359 3001 continens:
1404 2936 1537 2998 alia
1566 2936 1763 2999 etiam
1793 2936 2102 3001 continet.
2128 2933 2286 2999 Svo.
2314 2936 2673 2999 membran.

674 3148 752 3211 P.
776 3147 844 3211 S.
908 3149 1044 3213 His
1088 3149 1309 3222 finitis,
1340 3149 1496 3213 dum
1528 3149 1788 3232 paginae
1820 3148 1945 3211 sub
1974 3146 2184 3230 praelo
2229 3152 2404 3235 sunt,
2435 3147 2778 3230 subjungi-

573 3269 721 3314 mus
751 3250 917 3323 duos
944 3250 1211 3314 codices
1240 3249 1477 3326 Persii,
1515 3251 1584 3312 in
1614 3250 2008 3313 bibliotheca
2036 3248 2220 3312 Trin.
2250 3247 2422 3311 Coll.
2453 3246 2777 3327 Cantab.;

577 3350 794 3416 Notas
827 3351 1000 3423 Mss.
1043 3351 1126 3414 T.
1161 3350 1379 3428 Galei,
1410 3353 1481 3415 in
1510 3351 1837 3428 Persium,
1869 3352 1935 3414 in
1960 3352 2191 3415 eadem
2234 3351 2538 3415 biblioth.
2565 3350 2777 3413 laten-

574 3461 696 3528 ms,
727 3460 814 3528 ct,
843 3453 911 3514 ni
939 3452 1249 3528 fallimur,
1279 3471 1614 3534 uunquam
1645 3449 2122 3533 promulgatas3
2167 3458 2232 3516 et
2262 3453 2437 3535 apud
2471 3451 2770 3515 biblioth.

574 3552 838 3617 Scholae
868 3552 1240 3629 EtonensiS,
1270 3572 1478 3617 unum
1493 3552 1643 3617 cod.
1663 3555 2114 3616 commentarii
2139 3555 2208 3616 in
2228 3553 2555 3629 Persium,
2576 3572 2790 3616 unum.

573 3654 752 3733 itemx
768 3653 1068 3716 Persium
1102 3661 1168 3716 et
1208 3653 1249 3719 J
1259 3654 1599 3716 uvonalcm
1631 3653 2090 3730 continentem,
2123 3661 2189 3718 et
2234 3654 2440 3717 alium
2479 3653 2526 3718 J
2532 3672 2775 3717 avena-

573 3754 704 3818 lem
735 3756 872 3817 sine
907 3750 1175 3832 Persio}
1220 3764 1286 3818 et
1314 3756 1508 3819 etiam
1557 3755 1793 3818 librum
1824 3754 2211 3835 impressum
2234 3753 2281 3818 J
2287 3755 2546 3818 uven‘al.
2580 3752 2771 3837 (edit.

577 3852 813 3917 Milan.
846 3853 1076 3937 1746.)
1112 3875 1258 3918 cum
1289 3858 1462 3918 notis
1489 3856 1653 3920 Mss.
1728 3855 1881 3918 Hos
1911 3856 2181 3919 codices
2213 3857 2411 3936 longo
2429 3856 2576 3938 jam
2611 3862 2775 3918 tem·

576 3972 740 4037 pore
786 3955 1025 4019 abhinc
1057 3959 1123 4018 in
1155 3955 1449 4021 biblioth.
1480 3955 1791 4019 Etouensi
1822 3957 2081 4039 positos
2108 3975 2319 4041 usque
2350 3957 2441 4019 ad
2476 3975 2773 4039 praesens

577 4054 775 4119 sedes
821 4057 1126 4136 proprias
1155 4076 1524 4138 occupasse
1553 4056 1773 4121 edocti
1805 4076 2037 4120 sumus
2068 4059 2155 4121 ab
2182 4055 2448 4120 erudito
2474 4057 2775 4139 ejusdem

579 4155 905 4237 Magistro
957 4157 1227 4233 scholae,
1276 4157 1346 4227 J,
1383 4156 1898 4237 Keate,.S.T.P.
1946 4159 2058 4224 cui
2109 4158 2199 4223 ob
2245 4157 2769 4227 benevolentiam

580 4255 813 4337 gratiae
840 4256 1080 4322 debent
1106 4257 1348 4327 referri.
