3050 4913
206 3031 213 3036 ·
298 3005 436 3056 ribus
455 3020 572 3056 esse
590 3005 766 3058 solet!

1082 420 1093 451 ἲ
1220 416 1509 467 affirm-4
1554 418 1629 467 V.
1737 436 1750 459 κ

2385 403 2519 471 158

312 557 638 644 Cognatis
657 560 690 624 'l
735 577 819 624 an
846 578 982 625 rem
1008 559 1292 643 patriam
1318 558 1578 628 rumore
1602 555 1871 628 sinistro

307 662 544 728 Limen
572 661 659 727 ad
686 663 1074 727 obscoenum
1100 664 1411 748 frangam,
1435 666 1594 730 dum
1622 662 1969 749 Chrysidis
1994 664 2163 731 udas

2319 626 2513 734 '165

306 762 556 828 Ebrius
583 769 733 828 aute
759 763 937 829 fores
965 764 1263 830 extincta
1290 786 1444 831 cum
1467 766 1617 831 face
1646 767 1884 832 cantol
1923 788 1934 795 ·

298 979 661 1042 mmgaiaeis
676 979 793 1028 meis
810 976 1015 1029 sobriis?
1070 981 1311 1044 Numquid
1323 982 1659 1044 patrimonium
1675 982 1844 1030 elidum
1862 982 1924 1030 ud
1943 942 2128 1045 portans
2144 981 2397 1046 impurum,
2412 963 2514 1031 uus-v

297 1043 515 1108 lasona,
537 1047 718 1108 quando
748 1059 834 1107 ego
863 1046 1139 1095 tea-umas
1166 1061 1283 1095 cuno
1316 1053 1426 1095 uate
1454 1047 1695 1095 Ιιιιηίὼω
1729 1046 1982 1110 Chrysidis
2007 1047 2228 1110 januum,
2262 1048 2390 1096 taedu
2425 1062 2511 1097 ex-

1234 1172 1260 1190 0
1265 1171 1319 1190 00
1324 1171 1494 1191 ‘0000‘
1498 1171 1587 1191 000

301 1255 399 1302 166
454 1252 601 1309 oden
645 1250 738 1301 sed
771 1250 897 1335 Mas.
934 1251 1129 1302 habent
1163 1254 1282 1303 adas
1328 1269 1426 1320 pro
1472 1269 1520 1305 v.
1561 1256 1598 1306 l.
1623 1269 1740 1305 cum
1777 1256 1931 1339 gloss.
1971 1256 2205 1307 inunctas.
2262 1256 2365 1304 Ma.
2389 1253 2513 1304 Gal.

1308 1383 1520 1436 No'rAE

296 1477 438 1528 siccis
482 1478 674 1542 posuit,
716 1493 813 1542 pro
865 1480 1039 1530 sobriis
1078 1487 1135 1531 et
1171 1480 1365 1543 jejunis.

296 1555 497 1605 Tullius
519 1556 719 1620 pariter
738 1556 976 1605 horridam
998 1562 1047 1607 et
1067 1557 1257 1606 aridum
1279 1573 1366 1608 vo·

298 1637 390 1682 cat
413 1631 573 1681 vitam
591 1631 812 1682 hominis
833 1631 1047 1697 frugalis
1064 1650 1079 1696 ς
1100 1649 1191 1697 pro
1209 1635 1369 1686 Quin-

300 1709 396 1773 tio,
417 1723 555 1760 num.
572 1714 657 1760 9³.
690 1709 828 1761 Item
848 1711 996 1761 Sexti
1019 1712 1191 1762 Roscii
1214 1713 1368 1764 Ame-

298 1784 400 1835 rini
419 1784 609 1850 probat
628 1785 996 1852 innocentiam,
1017 1802 1047 1837 e
1067 1787 1195 1837 victu
1209 1788 1363 1838 arido.

302 1875 357 1912 u.
378 1866 463 1913 7⁵.

369 1940 462 1987 164
497 1938 623 1988 Reus
655 1939 866 2003 patriam
890 1939 1145 2003 frangam]
1192 1940 1367 1990 Patri-

296 2014 525 2063 monium
569 2014 845 2080 dilapidem
892 2026 947 2067 et
1003 2015 1264 2068 effundam
1313 2019 1367 2069 in

294 2090 622 2140 meretricios
645 2106 858 2143 amores.
900 2093 1054 2146 Quod
1090 2099 1364 2159 ηραν-ωε,

297 2165 556 2215 vocabulo
597 2182 719 2218 sanc
760 2168 1245 2234 significantissimo,
1284 2186 1370 2220 vo·

299 2249 389 2292 cat
410 2243 643 2295 Catullus
665 2246 924 2310 Epigram.
948 2259 1084 2296 xxx.
1106 2246 1160 2295 iu
1197 2248 1368 2297 Caesa·

297 2333 428 2371 rem.
459 2321 475 2348 ‘
496 2319 582 2370 Au
601 2321 711 2371 haec
734 2322 943 2371 sinistra
967 2322 1248 2372 liberalitas
1268 2324 1367 2373 Pa·

297 2409 413 2445 rum
435 2398 768 2461 expatravit?
800 2398 886 2447 An
905 2408 1094 2462 parum·
1109 2399 1365 2449 helluatus

297 2474 386 2522 es?
442 2471 671 2524 Paterna
714 2476 933 2540 primum
968 2477 1225 2527 lancinata
1247 2483 1367 2528 sunt

296 2550 473 2612 bons:
508 2554 608 2601 διο.
630 2575 643 2587 .
662 2551 792 2602 Hor.
819 2554 930 2604 Sat.
969 2567 1009 2603 1.
1031 2557 1079 2603 2.
1125 2555 1141 2582 ⁴
1168 2555 1366 2604 Bonam

297 2625 590 2690 deperdere
624 2626 829 2690 famam,
872 2629 1006 2680 Rem
1042 2629 1207 2694 patris
1241 2630 1368 2680 obli-

297 2715 441 2752 mare
461 2704 650 2753 malum
672 2705 787 2766 est,’
805 2708 905 2755 &c-

304 2796 313 2803 ·
364 2777 575 2828 Eumne
616 2779 835 2843 einins-o]
885 2779 990 2832 Qui
1025 2781 1136 2844 jam
1174 2780 1241 2831 de
1281 2791 1365 2831 me

295 2853 558 2917 spargitur
579 2862 636 2906 et
661 2855 830 2905 volat:
866 2869 1174 2922 quanquam,
1196 2863 1255 2906 ut
1276 2857 1363 2906 ha·

297 2929 390 2980 bet
413 2930 651 2993 Ovidius,
682 2932 699 2961 ‘
719 2933 910 2999 Turpis
932 2947 1076 2984 amor
1092 2934 1260 2984 surdis
1281 2950 1366 2986 au·

366 3084 459 3130 1⁶6
494 3081 663 3132 Idonea
682 3085 746 3132 ad
778 3084 1057 3149 obsooenuns]
1111 3084 1251 3135 Ante
1284 3084 1363 3134 fo-

297 3170 401 3220 res,
419 3157 505 3206 vel
527 3158 580 3207 in
600 3158 753 3209 domo
774 3158 985 3224 impure
1016 3167 1073 3210 et
1090 3158 1361 3226 flagitiosae

297 3235 545 3299 mulieris,
568 3235 635 3285 ad
659 3248 821 3302 quam·
834 3239 981 3287 velut
998 3239 1063 3287 ad
1097 3240 1364 3302 scopulum

298 3309 512 3375 frangor
555 3317 612 3360 et
647 3310 855 3373 illidor;
906 3319 964 3362 et
1005 3327 1122 3363 mea
1162 3328 1364 3363 mecum

299 3385 657 3450 deperduntur
699 3387 855 3451 bona,
908 3386 1155 3453 fortunae,
1212 3388 1367 3457 fama,

301 3466 403 3514 dte.
520 3495 525 3498 -

366 3538 665 3603 Obscum]
714 3541 830 3590 Vox
871 3554 903 3590 a
937 3556 1064 3591 eoeno
1101 3540 1262 3604 facta,
1305 3548 1366 3593 ut

295 3616 479 3666 volunt
499 3617 692 3683 aliqui:
740 3624 795 3668 at
816 3616 984 3667 Varro
1022 3631 1054 3666 a
1088 3632 1243 3682 xm,
1275 3617 1367 3667 ubi

298 3694 475 3758 turpia
505 3695 699 3759 quaevis
739 3693 1000 3758 dicuntur,
1035 3693 1193 3744 trahit
1216 3694 1368 3759 origi-

295 3785 413 3821 nem
438 3788 452 3823 :
499 3772 588 3823 alii
610 3772 676 3822 ab
698 3770 852 3822 Oscis
891 3771 1097 3835 populis
1121 3771 1288 3820 Italiae
1312 3771 1366 3820 iu

297 3845 609 3911 Campania,
622 3847 764 3911 turpi
786 3845 1002 3896 libidine
1024 3853 1078 3898 et
1113 3846 1366 3911 spurcitia

295 3920 527 3973 famosis.

366 3997 638 4063 Chrysidis]
668 3999 965 4048 -Famosum
984 4003 1097 4047 erat
1119 4005 1363 4062 scortum,

294 4076 447 4139 cujus
466 4083 549 4125 est
569 4075 768 4125 mentio
788 4074 927 4139 apud
954 4074 1143 4126 Athen.
1162 4089 1289 4127 xm.
1309 4080 1360 4128 8.

293 4151 463 4200 Porro
480 4164 669 4200 nomen
686 4151 772 4201 :ab
802 4163 945 4212 auro,
965 4148 1102 4200 forte
1124 4152 1191 4200 ob
1209 4153 1359 4215 posei-

291 4226 507 4275 numu
545 4228 709 4276 ucula
743 4226 1089 4291 meretricum,
1111 4229 1248 4292 quod
1282 4229 1360 4279 ait

293 4302 549 4368 Apuleius
577 4304 612 4355 l.
635 4316 691 4353 x.
724 4304 792 4354 de
807 4301 967 4354 Asino
988 4317 1161 4354 aureo.

1512 1484 1608 1530 166
1643 1480 1841 1544 Ebrius]
1880 1478 2221 1543 [Comessatio
2275 1479 2512 1542 sequitur

1447 1559 1659 1621 epulas3
1719 1558 1962 1607 Cererem
2001 1561 2057 1605 et
2100 1554 2363 1605 Bacchum
2408 1553 2513 1604 Ve-

1446 1646 1560 1682 nus.
2433 1652 2437 1660 ·

1519 1709 1652 1758 Udas
1670 1713 1783 1758 ante
1804 1708 1960 1771 sores]
1997 1709 2099 1758 Seu
2120 1706 2362 1770 lacrymis
2380 1722 2395 1767 ;
2416 1720 2509 1756 seu

1447 1791 1732 1849 unguento,
1755 1802 1821 1836 ex
1845 1801 1985 1836 more
2011 1785 2317 1835 amantium:
2347 1790 2406 1835 ut
2423 1798 2513 1832 no-

1449 1866 1530 1910 tat
1574 1867 1722 1910 vetus
1764 1862 1934 1911 Schol.
1970 1861 2054 1909 vel
2096 1860 2252 1910 etiam
2284 1860 2422 1924 vino,
2451 1865 2513 1909 ut

1448 1937 1653 1987 abunde
1676 1937 1867 2002 probat
1899 1936 2076 1987 Plaut.
2116 1936 2322 1988 Curcul.
2361 1950 2436 1986 sc.
2460 1940 2510 1988 1.

1448 2020 1504 2063 et
1525 2017 1575 2062 2.
1601 2013 1690 2062 ubi
1709 2015 1839 2063 leuoe
1861 2012 1998 2062 fores
2023 2012 2141 2061 vino
2171 2017 2370 2062 amator
2390 2025 2511 2062 cou-

1448 2088 1666 2153 spergit,
1709 2096 1767 2139 et
1811 2089 1968 2139 odore
2003 2088 2106 2137 vini
2129 2089 2306 2138 illecta
2326 2088 2417 2138 illa
2428 2089 2512 2153 ja-

1445 2178 1599 2214 uuam
1632 2164 1831 2228 pandit,
1864 2171 1916 2214 et
1952 2164 2128 2228 prodit
2157 2162 2315 2225 foras,
2340 2176 2513 2214 aman·

1446 2240 1589 2305 tique
1606 2240 1952 2292 abblanditur.
2018 2240 2287 2305 Interpres
2304 2254 2510 2306 quoque

1448 2315 1812 2381 Aristophanis
1847 2317 1901 2366 iu
1947 2317 2177 2379 Plutum,
2205 2317 2278 2366 ait
2298 2316 2509 2367 Laidem

1449 2409 1495 2443 a·
1518 2395 1696 2444 multis
1739 2393 2047 2444 adamatam
2101 2394 2369 2460 Thessalis,
2420 2393 2509 2461 qui

1447 2484 1555 2533 prae
1580 2484 1753 2520 amore
1777 2470 2082 2520 vestibulum
2107 2470 2221 2534 ejus
2242 2470 2361 2520 vino
2394 2471 2511 2521 irri-

1446 2545 1655 2610 gabant.
1724 2547 1919 2595 Parum
1941 2545 2007 2594 ad
2029 2560 2139 2594 rem
2163 2551 2244 2594 est
2273 2546 2409 2609 quod
2431 2545 2510 2596 af-

1446 2619 1554 2671 fert
1596 2635 1869 2685 nonnemo,
1914 2621 2088 2671 solitos
2111 2635 2244 2687 aqua
2267 2619 2510 2685 perfundi

1437 2697 1613 2761 januae
1637 2697 1870 2748 cardines
1891 2712 1922 2746 a
1954 2697 2272 2761 mulieribus,
2308 2698 2373 2746 ad
2413 2696 2506 2747 fal·

1443 2772 1620 2823 leudos
1652 2774 1895 2835 maritos;
1937 2773 2145 2837 Chrysis
2165 2773 2299 2823 enim
2322 2774 2509 2824 marita

1443 2863 1545 2899 uon
1565 2857 1697 2900 erat.
1763 2849 1954 2900 Melius
1973 2848 2210 2914 fortasse,
2230 2864 2296 2900 ne
2319 2851 2508 2913 strepi·

1446 2932 1556 2975 tum
1578 2925 1758 2975 ederet
1774 2931 1964 2989 aperta
1978 2928 2162 2991 janua,
2194 2935 2250 2976 et
2272 2941 2304 2975 a
2320 2926 2509 2977 vicinis

1349 3019 1357 3034 ·
1443 3002 1728 3053 audiretur.
1794 3003 1933 3052 Nam
1984 3001 2121 3065 apud
2161 3001 2334 3051 Plaut.
2389 3003 2507 3052 loco

1443 3093 1564 3128 mox
1586 3080 1749 3130 citato
1778 3079 2080 3128 adolescens
2120 3077 2295 3128 laudat
2327 3079 2343 3108 ‘
2366 3077 2506 3127 oedes

1442 3153 1773 3205 festivissime
1821 3153 2063 3218 apertas,'
2111 3153 2296 3218 quibus
2352 3156 2368 3183 ⁴
2405 3167 2508 3205 nec

1442 3231 1598 3281 mutit
1648 3230 1804 3281 cardo
1835 3229 1870 3280 ε’
1917 3230 2040 3279 dein
2095 3229 2254 3293 jubet
2315 3243 2505 3281 servo=

1442 3306 1628 3366 ‘-tace;
1663 3306 1983 3356 occultemus
2006 3307 2177 3355 lumen
2211 3311 2266 3355 et
2286 3303 2506 3355 vocem!

1508 3382 1746 3431 Extincto
1765 3397 1871 3430 cum
1886 3381 2000 3441 suco
2020 3380 2180 3443 cuneo]
2226 3381 2356 3430 Cum
2391 3395 2509 3445 per·

1443 3463 1694 3507 venerant
1732 3464 1987 3506 amatores
2031 3455 2097 3504 ad
2136 3455 2277 3504 oedes
2322 3457 2507 3505 amica-

1441 3548 1576 3598 rum,
1609 3531 1778 3584 t'acem
1811 3532 2201 3596 extinguebant,
2235 3544 2301 3580 ne
2324 3544 2508 3594 agnos·

1443 3616 1722 3668 cerentur;
1783 3614 1841 3657 et
1897 3613 2017 3656 ante
2063 3606 2297 3669 januam,
2348 3613 2507 3656 nocte

1442 3700 1583 3750 saepe
1600 3685 1821 3748 integra,
1858 3682 2105 3732 amatoria
2143 3682 2372 3731 carmina
2387 3696 2507 3732 cau·

1445 3762 1645 3812 abant.
1711 3760 1950 3821 Plautus,
1966 3759 2082 3807 loco
2099 3757 2277 3808 citato.
2314 3757 2505 3810 Horat.

1442 3839 1552 3889 Sat.
1572 3852 1612 3887 ι.
1635 3841 1687 3888 4.
1752 3836 1768 3865 ‘
1789 3835 1991 3898 Ebrius,
2011 3839 2067 3883 et
2084 3833 2346 3899 (magnum
2369 3836 2507 3900 quod

1442 3912 1697 3979 dedecus)
1730 3910 1959 3963 ambulet
1977 3916 2099 3960 aute
2123 3909 2504 3972 Noctem,·cum

1440 3988 1677 4040 facibus!
1739 3987 1893 4041 Quod
1931 4000 2057 4037 vero
2107 3987 2375 4038 Marcilius
2418 4002 2508 4037 ex-

1441 4067 1658 4117 tinctam
1700 4063 1870 4115 sacem
1907 4064 2019 4113 vult
2051 4076 2165 4112 esse
2193 4064 2392 4128 signum
2416 4077 2505 4114 ex·

1440 4140 1705 4203 clusionis,
1725 4139 1935 4190 videtur
1962 4138 2049 4189 hic
2082 4152 2184 4188 non
2218 4139 2506 4188 habere-lo-

1436 4233 1574 4280 cum,
1611 4224 1671 4267 ut
1700 4216 1745 4266 sl
1787 4213 1958 4265 facem
1996 4215 2282 4280 projectam
2302 4222 2394 4263 aut
2416 4214 2503 4277 ja-

1436 4301 1640 4344 centem
1662 4289 1875 4342 Persius
1909 4290 2148 4354 dixisset,
2177 4288 2504 4355 quemadmo-
