3050 4913
1235 414 1510 463 sarm».
1567 398 1665 463 ι’ἰ.
2403 384 2537 463 165

319 556 548 642 Atque
578 577 824 622 marem
853 559 1197 641 strepitum
1227 558 1379 621 fidis
1407 556 1764 621 intendisse
1794 555 2094 638 Latinae3
2513 541 2526 547 ⁴

322 657 499 723 Mox
520 659 802 742 juvenes
829 660 1075 741 agitare
1095 658 1317 742 joeoS‚
1346 664 1412 721 et
1441 656 1687 741 pollice
1716 658 1992 723 honesto
2487 660 2532 723 5

318 759 649 846 Egregius
677 758 913 826 lusisse
943 762 1165 825 senes!
1253 760 1425 825 Mihi
1452 780 1625 825 nunc
1657 760 1865 843 Ligus
1893 781 2013 826 ora

313 955 446 1018 cipio
463 957 762 1021 antiquorum
795 959 1135 1021 vocabulorum,
1157 964 1205 1009 et
1241 961 1492 1009 masculum
1518 962 1722 1009 mitam
1743 960 1933 1009 Lentim
1955 961 2140 1009 chordoe
2151 976 2171 1019 ‚-
2201 960 2367 1010 deinde
2387 974 2528 1022 agere

313 1022 453 1070 ludos
466 1020 712 1086 jurem,
732 1028 780 1073 et
801 1038 968 1074 canere
987 1040 1117 1074 senes
1138 1024 1347 1074 illustres
1365 1026 1521 1086 digito
1545 1027 1723 1074 decoro.
1789 1025 1920 1074 Mihi
1943 1039 2066 1075 vero
2086 1024 2195 1086 jora
2213 1026 2411 1089 tepescit
2442 1040 2525 1075 ex-

1280 1143 1568 1164 O‘OO‘OO‘OO
1575 1145 1602 1163 O

312 1234 424 1279 tam
448 1220 552 1271 Ms.
576 1219 743 1272 R.-⁵
776 1228 941 1287 aptare
963 1224 1065 1273 Ms.
1089 1224 1311 1275 Gan—6
1345 1223 1583 1285 Egregios
1615 1225 1750 1275 Edd.
1776 1225 1910 1289 vulg.

1313 1356 1522 1406 NOTAE

316 1444 513 1510 quippe
548 1462 664 1511 qua!
685 1454 808 1500 ante
832 1465 1033 1514 prosam
1058 1466 1090 1502 a
1109 1452 1385 1518 Scriptori·
1522 1458 1552 1501 5
1590 1452 1712 1502 Mox
1732 1452 1933 1514 juvenes
1953 1452 2299 1517 agitarejocos]
2361 1454 2395 1505 J
2402 1469 2522 1504 uve·

318 1524 420 1571 bus
442 1532 691 1589 usurpata
710 1524 884 1577 fnerit.
917 1530 997 1577 Ex
1021 1528 1157 1580 Plin.
1179 1543 1277 1579 vn.
1301 1534 1383 1581 56.
1457 1530 1588 1580 niles
1625 1546 1795 1595 curas,
1833 1534 2054 1593 amores,
2084 1532 2251 1595 ludos,
2279 1533 2523 1584 convivia

320 1608 380 1649 et
402 1599 589 1661 Horat.
629 1601 694 1651 ad
722 1603 956 1667 Pisones,
993 1605 1080 1670 qui
1109 1606 1200 1668 ait,
1230 1606 1245 1632 ‘
1263 1607 1383 1656 Fuit
1457 1607 1775 1657 describere.
1875 1609 2123 1660 Horatius
2178 1609 2293 1659 loco
2356 1610 2521 1660 citato

315 1679 431 1728 hoec
452 1679 710 1743 sapientia
732 1683 1007 1747 quondam,
1035 1684 1256 1734 Publica
1279 1685 1383 1748 pri·

315 1755 450 1804 vatis
472 1770 766 1817 secernere,
783 1774 931 1807 sacra
948 1759 1383 1823 profanis.--Dic·

316 1841 389 1881 tae
412 1847 508 1896 per
529 1834 755 1884 carmina
778 1841 972 1896 sortes;
1009 1837 1080 1887 Et
1104 1837 1225 1887 vitae
1243 1852 1382 1888 mon-

316 1914 482 1958 strata
519 1910 600 1958 via
623 1910 740 1972 est,’
779 1913 876 1961 &c.
943 1912 1135 1960 Verum
1161 1919 1383 1977 utraque

316 1982 433 2034 baec
457 1984 829 2048 interpretatio
860 1987 1016 2051 longe
1053 1989 1219 2052 petita
1245 1987 1382 2046 vide-

316 2066 420 2110 tur.
490 2061 667 2110 Malim
708 2062 866 2125 igitur
901 2078 1016 2113 cnm
1060 2065 1383 2130 casaubono,

318 2142 376 2185 et
397 2136 510 2186 aliis
535 2138 856 2202 quibusdam,
890 2138 1134 2203 θεογονίαν
1169 2150 1222 2191 et
1251 2148 1381 2203 μυθι-

316 2211 509 2277 στορίαν
538 2213 848 2279 intelligere,
879 2232 974 2282 per
996 2223 1203 2268 veteram
1222 2226 1381 2270 rerunt

308 2287 590 2350 primordia.

379 2369 411 2415 4
445 2366 603 2430 Atque
624 2383 799 2418 ment
819 2371 1086 2435 strepitum,
1120 2371 1227 2435 ξω]
1291 2371 1381 2422 So·

314 2442 421 2495 lers
440 2443 671 2494 scribere
694 2442 833 2497 forte
856 2454 912 2498 et
934 2463 1234 2513 generosum
1259 2449 1382 2500 Car-

318 2532 437 2567 men
478 2520 743 2584 Lyricum,
781 2522 848 2572 de
886 2538 991 2587 quo
1028 2524 1278 2574 Horatius
1315 2523 1380 2573 ad

314 2594 567 2660 Pisones:
601 2598 617 2625 ‘
636 2599 794 2648 Musa
817 2600 963 2650 dedit
984 2599 1172 2652 fidibus
1196 2601 1380 2663 Divos,

315 2686 607 2739 puerosque
629 2675 886 2739 Deorum,
924 2679 994 2728 Et
1030 2679 1255 2743 pugilem
1277 2680 1380 2728 vic-

315 2753 500 2812 torem,
537 2757 593 2800 et
614 2765 801 2816 equum
827 2756 1108 2803 certamine
1142 2756 1382 2820 primum,

314 2825 385 2874 Et
412 2825 662 2890 juvenum
685 2842 857 2892 curas,
878 2837 934 2880 et
972 2830 1134 2881 libera
1161 2833 1278 2882 vina
1300 2847 1379 2883 re·

310 2899 489 2951 serre!
553 2903 624 2954 Et
646 2903 753 2954 Od.
779 2908 861 2954 13.
884 2905 923 2954 1.
953 2919 1017 2955 ιι.
1053 2906 1127 2956 ait
1148 2905 1380 2958 Alea-nm

307 2976 495 3039 plenius
521 2993 664 3028 careo
696 2978 918 3029 cecinisse
940 2982 1122 3044 plectro
1158 2983 1278 3032 dura
1296 2998 1380 3033 aa·

310 3052 409 3116 vis,
428 3053 703 3119 darosagae
722 3057 864 3120 nala,
884 3059 1004 3107 dum
1025 3057 1153 3109 beni.

316 3189 319 3194 Ι
383 3128 597 3193 Marem]
661 3130 749 3181 Sic
773 3132 1024 3183 Horatius
1046 3134 1111 3184 ad
1133 3135 1378 3187 Pisones:

281 3243 285 3246 ψ
309 3203 325 3232 ⁴
348 3201 481 3256 Post
502 3206 638 3257 hunc
661 3207 871 3272 insignis
892 3209 1149 3260 Homerus
1172 3211 1380 3275 Tyrtae-

318 3295 480 3346 usque
519 3296 685 3331 mares
717 3282 911 3333 anirnos
948 3284 1000 3334 in
1034 3285 1225 3336 Martia
1247 3286 1383 3337 bella

311 3357 558 3408 Versibus
575 3359 815 3409 exacuit!

384 3433 525 3483 Fidis
544 3435 801 3486 madiae
817 3435 1028 3500 wine]
1062 3435 1217 3503 Apud
1236 3439 1381 3490 Grae·

313 3523 407 3560 cos
443 3510 619 3574 Lyrici
656 3511 840 3562 Poetae
876 3528 1061 3564 novem
1098 3528 1379 3565 memoran-

315 3597 425 3652 tur,
444 3590 786 3654 Stesichorus,
808 3592 1157 3654 Baccbilides,
1180 3592 1380 3656 Ibicus,

314 3664 607 3731 Anacreon,
632 3666 903 3731 Pindarus,
932 3668 1238 3734 Simonides,
1257 3668 1380 3720 Alc-

316 3757 455 3805 man,
474 3741 704 3806 Alcaeus,
725 3743 951 3808 Sappho,
973 3744 1158 3810 quibus
1181 3745 1380 3795 addunt

313 3817 479 3884 ,aliqui
524 3819 838 3883 Corynnam,
879 3826 939 3871 ut
977 3820 1131 3871 decas
1169 3821 1381 3886 implea-

317 3900 434 3953 tur3
491 3899 547 3942 at
590 3893 728 3957 apud
774 3893 990 3945 Latinos
1030 3894 1133 3947 duo
1177 3902 1378 3947 tantum

314 3968 574 4032 claruere,
600 3969 847 4020 Horatius
868 3978 923 4020 et
947 3971 1144 4022 Caesius
1172 3973 1382 4038 Bassus,

317 4051 381 4093 ut
400 4042 477 4094 ait
496 4045 716 4096 Quintil.
740 4059 795 4120 x.
822 4051 868 4096 l.
881 4047 993 4111 jam
1013 4046 1106 4100 cit.

380 4122 666 4190 Inter-dine]
727 4124 963 4178 Intensio
1008 4140 1282 4179 nervorum
1327 4127 1379 4177 in

311 4197 517 4328 331?ss
539 4199 884 4256 vationum
917 4215 1070 4256 sonos
1107 4211 1165 4256 et
1202 4204 1379 4260 modos

1459 1687 1614 1751 paulo
1637 1694 1779 1737 ante.

1522 1763 1699 1811 Pollice
1716 1763 1931 1827 honesto]
1995 1763 2236 1828 Tangens
2268 1764 2520 1814 citharam

1453 1840 1620 1903 pollice
1640 1839 1844 1899 homo,
1867 1840 1922 1890 id
1956 1847 2055 1903 est,
2082 1841 2302 1905 insigues
2325 1840 2520 1891 virtute

1457 1916 1614 1978 viros,
1647 1916 1863 1965 heroum
1892 1915 2031 1967 facta
2052 1917 2336 1980 celebrans,
2357 1916 2521 1968 nobili

1456 1992 1693 2042 Carmine
1716 1999 1771 2042 et
1801 1993 2020 2054 glorioso
2041 2000 2250 2057 conatu,
2270 1993 2434 2042 baisse
2457 2006 2519 2042 ac

1455 2065 1723 2118 cecinisse.
1804 2069 1984 2131 virgil.
2011 2069 2143 2121 ,EcL
2190 2081 2228 2117 1.
2280 2068 2296 2095 ‘
2314 2064 2521 2119 Ludere

1456 2159 1570 2208 quae
1596 2144 1777 2193 vellem
1803 2145 2001 2194 calamo
2031 2144 2268 2208 permisit
2289 2142 2519 2207 agresti!

1518 2224 1552 2269 6
1575 2221 1705 2270 Mihi
1724 2236 1843 2270 nanc
1858 2220 2012 2283 Ligus
2032 2237 2115 2271 oro
2138 2220 2341 2284 intepet]
2376 2221 2522 2270 Dum

1455 2302 1511 2346 tu
1536 2298 1589 2347 in
1611 2297 1818 2348 Sabinis
1840 2313 2047 2347 secessu
2083 2297 2275 2362 gaudes
2297 2303 2353 2346 et
2391 2295 2520 2346 libe-

1455 2374 1552 2424 rali
1579 2374 1714 2434 otio;
1750 2389 1846 2438 ego
1885 2374 2085 2437 pariter
2123 2371 2252 2422 urbe
2291 2370 2441 2433 cessi,
2463 2380 2520 2421 et

1454 2448 1659 2513 quietus
1683 2443 1850 2512 ago'in‘
1864 2448 2086 2499 Lunensi
2108 2448 2246 2511 villa,
2267 2446 2354 2497 ubi
2373 2444 2520 2497 fruor

1454 2526 1572 2576 aere
1608 2535 1914 2591 temperato,
1936 2533 1991 2576 et
2026 2533 2208 2589 tepore
2245 2524 2518 2575 maritimae

1456 2602 1699 2666 regionis.
1736 2602 1899 2650 Porro
1923 2600 2124 2650 addunt
2142 2606 2347 2649 veteres
2371 2598 2521 2649 Glos-

1453 2692 1546 2738 sae,
1581 2680 1597 2705 ⁸
1618 2677 1892 2727 secessisse
1927 2676 2049 2725 illuc
2086 2675 2325 2724 Persium
2358 2674 2411 2724 in
2433 2675 2518 2724 Li-

1455 2754 1615 2818 guriae
1661 2753 1811 2814 flues,
1855 2749 2099 2802 videlicet
2142 2757 2359 2816 propter
2399 2751 2520 2799 rul-

1455 2829 1590 2879 viam
1611 2828 1898 2879 Sisenniam
1932 2836 2150 2876 matrem
2182 2840 2344 2890 suam,
2381 2840 2516 2890 quae,

1455 2912 1575 2971 post
1614 2912 1833 2956 mortem
1868 2903 2054 2969 prioris
2096 2902 2209 2967 viri,
2242 2901 2316 2952 ibi
2354 2908 2520 2967 nupta

1454 2980 1605 3032 erat!
2463 3029 2466 3032 Α

1517 3058 1671 3121 Ligu
1691 3058 1796 3122 ora]
1863 3055 2070 3120 Liguria
2102 3053 2272 3103 Italia
2312 3067 2431 3118 pars
2466 3053 2519 3104 iu

1454 3134 1660 3196 longum
1693 3138 1938 3195 protensa
1957 3145 2135 3181 versus
2167 3130 2465 3193 Meridiem,
2487 3145 2522 3186 a

1457 3207 1785 3259 Narbonensi
1819 3208 1994 3258 Gallia
2028 3206 2094 3257 ad
2127 3206 2176 3256 T
2178 3207 2424 3272 husciam,
2445 3221 2523 3258 se·

1456 3285 1681 3335 cundum
1725 3284 1876 3334 maris
1917 3283 2081 3333 littus.
2176 3283 2372 3346 Hodie,
2417 3284 2522 3333 Ora

1459 3362 1741 3425 Genuum,
1760 3374 1793 3412 a
1826 3361 2012 3413 Genua
2035 3361 2252 3410 civitate
2285 3359 2520 3425 principe

1455 3447 1767 3503 nuncupata.

1518 3519 1551 3565 7
1575 3512 1786 3577 lntepet]
1819 3514 1939 3564 Sive
1959 3513 2026 3564 ob
2044 3513 2198 3562 situm
2217 3511 2353 3562 inter
2374 3525 2520 3562 mon·

1456 3596 1558 3651 tes,
1581 3591 1688 3639 sive
1720 3589 1788 3640 ob
1811 3589 2143 3655 agitationem
2166 3588 2320 3639 vicini
2340 3587 2518 3654 maris,

1454 3682 1569 3732 que
1590 3665 1796 3733 quidem
1818 3664 1984 3729 major
2004 3663 2239 3729 hyberno
2265 3673 2518 3729 tempore.

1456 3743 1569 3793 Cic.
1604 3743 1637 3792 1.
1661 3757 1724 3792 ιι.
1766 3741 1830 3791 de
1865 3740 2064 3790 Natura
2086 3741 2337 3799 Deorum,
2360 3754 2413 3792 u.
2435 3744 2521 3793 2⁶.

1456 3819 1473 3847 ‘
1491 3818 1664 3869 Maria
1700 3818 1900 3880 agitata
1923 3816 2092 3866 ventis
2127 3816 2203 3866 ita
2225 3822 2523 3883 tepescunt,

1457 3901 1516 3944 ut
1538 3892 1758 3958 intelligi
1784 3890 1933 3942 facile
1957 3892 2121 3957 possit
2152 3893 2206 3944 in
2242 3894 2399 3944 tantis
2418 3894 2521 3948 illis

1453 3969 1750 4020 humoribus
1804 3968 2056 4018 inclusum
2101 3983 2216 4018 esse
2268 3971 2518 4022 calorem:

1453 4060 1554 4096 nec
1575 4044 1713 4095 enim
1736 4044 1822 4095 ille
1844 4052 2089 4095 externus
2111 4053 2168 4096 et
2206 4045 2519 4099 adventitius

1454 4123 1720 4173 habendus
1761 4131 1844 4173 est
1884 4129 2056 4187 tepor,
2098 4126 2188 4173 sed
2226 4139 2290 4172 ex
2327 4122 2518 4194 intimis

1453 4199 1611 4249 maris
1645 4198 1877 4263 partibus
1912 4201 2193 4264 agitatione
2230 4199 2520 4265 excitatnsg

1456 4275 1598 4348 quod
1618 4277 1805 4330 nostris
1836 4291 2043 4345 quoque
2078 4275 2379 4344 corporibus
2397 4289 2519 4328 con-
