3050 4913
544 342 676 430 22'0'

544 526 615 578 Et
637 526 799 591 primo
821 526 1033 594 quidem
1055 524 1250 576 indocti
1286 525 1610 590 philosopho·

545 617 659 652 rum
682 603 934 653 irrisores.
969 602 1196 652 Lubim.
1260 601 1469 651 Persius
1496 603 1610 651 Cre-

543 679 682 742 pidas
706 678 990 740 nominanS,
1005 684 1171 727 totum
1195 677 1437 740 iutelligit
1463 677 1610 727 Grae-

545 768 723 804 corum
759 754 983 803 studium
1017 751 1301 814 φιλοκαλίας
1332 754 1472 801 circa
1507 752 1612 801 cul·

544 833 673 878 tum.
723 829 1105 878 Casaab.—N0u
1143 829 1244 892 hic]
1300 829 1419 877 Non
1465 827 1609 876 illum

543 904 741 955 scilicet
777 907 1023 955 lectorem
1057 906 1192 965 volo,
1216 919 1403 965 moror,
1426 910 1514 952 aut
1535 918 1613 952 re-

549 982 714 1047 quiro,
739 983 823 1048 qui
848 989 929 1032 est
955 983 1098 1032 rudis
1134 989 1187 1032 et
1221 982 1461 1031 indoctus
1486 983 1611 1031 San·

544 1058 906 1123 nim—Gestat]
944 1060 1263 1124 Delectatur,
1287 1058 1489 1110 Studet.
1512 1059 1610 1108 Lu·

548 1134 705 1183 binas.

611 1214 705 1260 128
729 1210 976 1274 Sordidus]
1008 1212 1108 1260 Vel
1133 1211 1199 1259 ad
1221 1210 1489 1259 avaritiam
1519 1223 1610 1273 po-

546 1290 652 1336 test
663 1285 843 1335 referri
862 1304 873 1335 :
889 1287 970 1335 vel
986 1286 1052 1334 ad
1072 1285 1278 1334 nimiam
1299 1285 1470 1333 cultus
1490 1299 1610 1348 neg-

544 1362 825 1426 ligentiam.
844 1362 1110 1411 Casaab.—
1121 1360 1320 1425 Et,&c.]
1347 1362 1450 1412 Qui
1463 1367 1610 1424 petu-

545 1436 657 1488 lans
673 1446 727 1487 et
743 1439 995 1502 superbus
1018 1446 1216 1486 naturae
1242 1437 1367 1486 vitia
1384 1438 1501 1486 aliis
1524 1437 1612 1486 ob·

534 1512 727 1576 jectat.
793 1514 1064 1562 Naturalia
1091 1528 1210 1563 vero
1234 1514 1465 1577 corporis
1487 1514 1611 1563 vitia

544 1601 645 1638 non
665 1589 847 1638 suntin
866 1589 977 1637 aliis
996 1589 1437 1653 reprehendenda.
1458 1589 1610 1638 Plato

542 1665 597 1714 in
618 1666 830 1728 Protag.
846 1665 1293 1715 commiseratione
1308 1666 1479 1728 potius
1498 1665 1611 1730 dig-

546 1755 629 1792 ua.
687 1740 851 1790 Arist.
882 1741 1054 1791 Ethic.
1099 1742 1478 1793 Nicom.111.5.
1514 1744 1611 1792 Ca·

543 1820 802 1870 sanbonus
825 1820 908 1869 hic
928 1821 1074 1885 legit,
1106 1822 1274 1885 poscit.

612 1899 707 1945 129
740 1895 868 1955 Sese,
889 1895 996 1958 qm]
1051 1895 1116 1944 Id
1138 1903 1238 1960 est,
1262 1898 1529 1962 superbus,
1553 1913 1609 1948 se

544 1970 807 2037 quantivis
829 1971 991 2035 precii
1006 1966 1173 2020 virum
1191 1978 1332 2021 ratus
1351 1990 1365 2034 ;
1390 1988 1453 2023 eo
1471 1973 1609 2037 quod

543 2048 596 2097 in
621 2048 792 2111 aliquo
816 2047 1098 2111 municipio
1124 2047 1310 2110 Itatiae,
1326 2049 1609 2099 AEdilitatis

543 2123 737 2171 honore
769 2121 979 2171 functus
1001 2124 1085 2172 sit.
1136 2122 1608 2190 Lubtn.—Supinus]

544 2198 829 2262 Arrogaus,
849 2205 905 2248 et
938 2199 1091 2248 animi
1118 2199 1297 2249 vitium
1326 2201 1439 2264 ipso
1461 2209 1609 2266 gestu

547 2277 779 2340 corporis
811 2277 979 2340 palam
1020 2276 1231 2325 faciens.
1316 2268 1410 2327 Es't
1450 2294 1611 2342 genus

545 2352 803 2402 bominum
825 2352 1065 2416 superbia
1089 2350 1401 2416 inflatorum,
1426 2354 1513 2419 qui
1536 2356 1611 2404 in-

544 2428 850 2495 grediuntur
884 2429 1015 2478 adeo
1048 2436 1227 2480 erecto
1262 2443 1498 2495 corpore,
1538 2438 1614 2480 at-

545 2522 646 2572 que
663 2506 936 2571 ὑψαῦχσνες,
953 2515 1009 2556 ut
1029 2508 1081 2555 in
1100 2508 1256 2557 coelos
1276 2508 1411 2556 oculi
1432 2522 1611 2556 eorum

543 2583 797 2644 ferantur,
820 2598 917 2632 non
940 2584 1102 2633 multo
1136 2598 1282 2633 secus
1314 2598 1376 2633 ac
1417 2584 1613 2648 resupi-

544 2667 800 2709 natorum.
847 2660 1050 2708 Cmab.

609 2740 708 2785 130
745 2735 986 2797 Preger-it,
1029 2733 1132 2797 hu]
1197 2732 1440 2784 AEdilium
1475 2734 1611 2784 enim

541 2818 654 2861 erat
700 2811 1034 2861 vendentium
1093 2810 1286 2859 rabiem
1347 2811 1610 2877 coercere,

540 2901 794 2936 annonam
831 2900 1029 2947 curare,
1053 2886 1118 2935 de
1156 2900 1395 2935 mensura
1409 2887 1499 2950 jus
1538 2887 1611 2936 di-

546 2975 685 3024 cere,
707 2975 829 3009 vasa
847 2961 1037 3010 minora
1057 2959 1311 3025 frangere.
1365 2963 1612 3012 Testatur

543 3036 678 3086 idem
712 3037 999 3100 Juvenalis,
1022 3040 1126 3087 Sat.
1153 3051 1208 3088 x.
1228 3040 1244 3066 ‘
1271 3039 1338 3087 Et
1372 3038 1437 3088 de
1471 3054 1610 3090 men-

545 3127 665 3162 sura
688 3114 777 3177 jus
812 3113 1006 3175 dicere,
1049 3128 1167 3163 vasa
1205 3115 1403 3163 minora
1453 3116 1610 3166 Fran-

545 3203 686 3251 gere,
727 3202 986 3252 pannosus
1031 3189 1207 3238 vacuis
1254 3189 1436 3239 AEdilis
1485 3191 1613 3239 Ulu-

544 3266 1011 3329 bris.'—-Heminus]
1047 3266 1130 3316 Ab
1168 3269 1327 3331 ἥμισυ,
1367 3284 1428 3319 eo
1472 3271 1610 3335 quod

543 3342 758 3392 dimidia
787 3356 906 3406 pars
943 3344 1185 3404 sextarii;
1220 3345 1303 3394 hic
1342 3360 1436 3409 pro
1471 3349 1608 3397 omni

541 3433 802 3469 mansura.
834 3419 1062 3468 anneb.
1102 3433 1263 3472 xxix.
1297 3424 1610 3487 20.—Arett]

543 3497 740 3561 Oppidi
758 3497 811 3546 iu
829 3495 1035 3546 Tuscia.
1103 3495 1208 3546 Alii
1234 3499 1413 3562 legunt
1429 3500 1610 3565 Emis,

543 3572 679 3637 quod
700 3573 1001 3623 Sabinorum
1019 3572 1282 3637 oppidum.
1324 3575 1607 3640 Stephano,

543 3649 727 3713 ἤρητω.

606 3729 698 3775 181
737 3727 859 3787 Nec,
893 3726 997 3789 &ej
1054 3726 1118 3775 Id
1163 3732 1264 3785 est,
1296 3726 1396 3778 Qui
1432 3727 1605 3776 huma-

537 3800 705 3849 niores
728 3806 865 3849 artes
887 3801 1191 3861 contemnit,
1210 3808 1263 3851 et
1287 3800 1459 3851 studia
1481 3803 1601 3852 Phi-

540 3876 785 3939 losophiae
829 3876 983 3938 ridet,
1026 3884 1081 3926 et
1132 3875 1600 3929 Aritbmeticorum

542 3965 798 4001 numeros.
822 3952 1079 4015 -Αὸαι-ο]
1147 3951 1604 4005 Arithmeticornm

540 4026 738 4076 tabula.
826 4025 1199 4075 Aritbmeticos
1251 4043 1491 4078 numeros
1549 4039 1607 4079 et

540 4104 735 4168 figuras
801 4101 1197 4152 Mathematicas
1265 4103 1607 4168 intelligit.—

540 4181 699 4244 Seeto,
734 4178 840 4241 ssa]
873 4177 1171 4226 Geometras
1204 4178 1341 4227 enim
1383 4182 1517 4244 stylo
1551 4182 1605 4231 in

542 4256 788 4308 tarra-vel
810 4252 1023 4322 pulvere
1057 4250 1247 4318 figuras
1277 4255 1607 4307 Mathemati-

1245 377 1463 427 NOTAE
1511 376 1913 429 VAtuoRUM
1963 380 2042 427 m

1683 542 1770 577 cas
1825 529 2108 594 depingere
2152 530 2338 580 solent.
2433 528 2556 591 Vel,
2610 528 2755 593 quod

1684 605 1850 667 pulvis
1874 606 1960 655 ille
1983 607 2209 655 numeris
2249 613 2304 656 et
2337 605 2515 671 figuris
2558 612 2758 669 sectus,

1683 681 1765 728 vel
1802 681 1994 731 divisus
2028 683 2112 731 sit.
2183 682 2300 734 Hoc
2341 689 2514 732 autem
2554 689 2638 732 est
2670 696 2759 730 ex-

1683 762 1861 806 tremae
1886 758 2160 807 dementiae
2197 767 2251 808 et
2273 758 2632 822 impudentiae,
2667 774 2756 808 res

1684 847 1778 895 per
1800 847 1852 881 se
1872 832 2107 883 laudatas
2133 833 2369 884 deridere
2387 835 2541 898 velle,
2555 834 2755 884 artibus

1683 914 1739 957 et
1759 909 2075 973 philosophis
2099 910 2332 961 illudere.
2356 910 2529 960 labin.
2543 909 2756 961 Fan-nab.

1750 989 1845 1034 182
1880 986 2106 1049 alateum,
2129 986 2236 1050 φη]
2285 988 2388 1039 Qui
2412 988 2555 1036 nulla
2579 986 2755 1037 uberi-

1684 1074 1771 1109 ore
1815 1061 2086 1123 voluptate
2129 1058 2370 1124 afficitur,
2421 1076 2575 1126 quam
2629 1077 2751 1110 cum

1682 1134 1829 1184 videt
1854 1150 2123 1198 procacem
2149 1138 2375 1201 aliquam
2416 1138 2754 1186 meretricem

1683 1211 1995 1274 Philosopho
2056 1213 2347 1275 procaciter
2393 1211 2633 1276 illudere,
2697 1219 2753 1263 et

1683 1286 1895 1337 barbam
1921 1289 2131 1338 vellere.
2171 1289 2327 1337 laem.

1750 1366 1844 1412 1³3
1882 1364 2080 1427 Cynico]
2135 1363 2358 1413 Vivebat
2405 1372 2515 1414 tum
2552 1366 2753 1415 Deme-

1684 1439 1813 1488 trius
1861 1439 2104 1502 Cynicus,
2143 1439 2290 1504 cujus
2334 1441 2647 1505 singularem
2690 1458 2753 1492 ac

1683 1514 1991 1578 stupendam
2009 1516 2256 1565 virtutem
2279 1517 2515 1567 dilaudat
2535 1519 2756 1584 Seneca,

1685 1596 1740 1638 et
1763 1588 1899 1653 apud
1923 1588 2195 1640 Arriannm
2210 1593 2502 1655 Epictetus,
2529 1594 2580 1641 in
2598 1594 2752 1657 hujus

1683 1665 1924 1721 bonorem
1949 1671 2004 1713 et
2025 1665 2279 1730 similium,
2300 1669 2385 1731 qui
2408 1665 2624 1719 fuerunt
2647 1686 2754 1719 om·

1684 1740 1831 1790 nibus
1855 1741 2041 1789 seculis
2065 1742 2257 1805 oppido
2297 1743 2463 1806 pauci.
2549 1746 2758 1807 Cynicus

1682 1817 1800 1865 heic
1845 1816 2006 1866 ἂπλός
2050 1833 2144 1881 pro
2185 1819 2487 1884 philosopho
2524 1820 2754 1884 ponitur.

1683 1893 1745 1942 ln
1772 1907 1959 1958 genere
1984 1908 2106 1943 vero
2125 1894 2189 1943 de
2213 1895 2441 1959 Cynicis,
2454 1911 2671 1961 quorum
2689 1912 2754 1947 ea

1684 1976 1997 2034 tempestate
2015 1970 2299 2019 uberrimus
2319 1978 2431 2020 erat
2446 1979 2753 2036 proventus,

1684 2047 1814 2094 male
1837 2053 2127 2109 senserunt,
2150 2060 2247 2094 non
2269 2047 2432 2095 solum
2459 2047 2543 2095 isti
2571 2062 2751 2098 osores

1686 2123 1991 2173 Graecarum
2028 2124 2438 2187 disciplinarum,
2460 2124 2554 2173 sed
2593 2125 2753 2174 etiam

1686 2212 1716 2246 e
1739 2199 1940 2248 Graecis
1961 2198 2325 2261 sapientissimi
2350 2199 2558 2264 quique.
2631 2199 2753 2249 Non

1685 2276 1819 2324 enim
1844 2290 1965 2325 vera
1984 2275 2179 2323 virtute
2195 2274 2588 2324 admirationem
2614 2275 2754 2340 vulgi

1685 2352 2026 2416 colligebant:
2063 2352 2155 2401 sed
2180 2353 2353 2401 vultus
2372 2354 2674 2403 toi-vitatem
2699 2360 2755 2402 et

1685 2429 1947 2480 tristitiam
1969 2444 2029 2479 ac
2049 2428 2444 2479 dissentientem
2477 2445 2510 2480 a
2543 2432 2752 2480 caeteris

1683 2505 1914 2555 habiturn
1937 2506 2170 2569 pessimis
2204 2506 2433 2555 moribus
2465 2513 2625 2570 atque
2660 2506 2751 2555 im-

1686 2595 1828 2644 purae
1874 2579 2203 2631 obscoenitati
2252 2581 2751 2645 praetendebant.—

1689 2655 1890 2719 Cynico]
1924 2657 2031 2706 Pro
2064 2656 2361 2720 Phamplw.
2421 2657 2494 2706 Hi
2520 2657 2755 2708 Philoso-

1685 2732 1775 2794 phi
1813 2732 2020 2796 reliquis
2055 2734 2410 2796 patientiores,
2447 2741 2502 2784 et
2545 2733 2757 2798 injuria·

1686 2821 1799 2855 rum
1854 2814 2218 2859 contemtores.
2241 2837 2308 2845 —
2329 2809 2543 2858 Barbam
2587 2809 2757 2875 vellat]

1684 2882 1825 2934 Quia
1852 2883 2189 2933 indolentiam
2223 2900 2284 2934 ac
2318 2885 2640 2934 vacuitatem
2676 2883 2751 2934 af·

1684 2957 1915 3009 fectuum
1971 2959 2351 3024 profitebantur
2386 2961 2548 3010 Stoici
2589 2966 2750 3024 atque

1685 3035 1901 3098 Cynici;
1935 3044 2216 3099 propterea
2250 3051 2403 3101 quum
2445 3037 2496 3084 in
2538 3036 2751 3100 publico

1684 3112 2160 3177 conspiciebantur,
2211 3128 2311 3178 quo
2357 3113 2621 3177 specimen
2669 3113 2758 3163 da·

1683 3197 1803 3238 rent
1822 3203 1927 3239 suae
1951 3190 2174 3252 virtutis,
2204 3190 2270 3238 ab
2292 3189 2455 3240 obviis
2480 3192 2624 3240 varie
2644 3190 2754 3240 irri-

1686 3264 1953 3326 tabantur3
1990 3266 2120 3315 alius
2144 3280 2230 3315 eos
2254 3280 2414 3315 sanna
2436 3266 2754 3329 excipiebat,

1684 3344 1814 3392 alius
1837 3344 2120 3394 convitium
2144 3344 2371 3407 dicebat,
2394 3344 2524 3393 alius
2548 3352 2749 3393 vestem

1685 3419 1944 3483 trahebat,
1983 3427 2075 3469 ant
2121 3419 2330 3469 barbam
2371 3418 2617 3482 vellebat,
2655 3426 2751 3468 aut

1680 3496 1781 3546 alio
1801 3496 1981 3560 quovis
2003 3497 2157 3545 modo
2185 3497 2430 3545 molestus
2455 3502 2588 3546 erat.
2658 3496 2750 3543 Ca·-

1679 3571 2171 3633 mabam—Barbam,
2203 3572 2285 3633 ⁸5⁶·
2311 3570 2478 3633 venat]
2546 3569 2612 3618 ld
2657 3572 2756 3630 est,

1683 3648 1932 3697 Extremo
1954 3653 2269 3708 contemnat,
2303 3646 2529 3709 turpiter
2552 3644 2752 3695 illudat.

1680 3723 1989 3785 -Nonaria]
2051 3724 2261 3772 Nouam
2293 3722 2437 3772 dicta
2479 3722 2754 3782 meretrix,

1683 3800 1804 3864 quia
1826 3799 1964 3864 apud
1990 3798 2214 3849 veteres·
2237 3814 2268 3847 a
2301 3812 2438 3847 nona
2474 3798 2604 3847 hora
2635 3813 2754 3862 pro-

1681 3875 1910 3938 stabant,
1958 3889 2024 3922 ne
2059 3889 2206 3923 mane
2264 3874 2450 3923 omissa
2501 3873 2754 3922 exercita-

1682 3952 1937 4015 tione,illo
1951 3951 2090 3999 irent
2106 3950 2490 3999 adolescentes.
2518 3951 2624 4000 Vct.
2638 3946 2752 3998 Sela.

1679 4028 1988 4092 —Nonarid
2021 4030 2107 4078 Sic
2130 4029 2279 4078 dicta
2309 4028 2577 4089 meretrix,
2612 4028 2752 4092 quod

1678 4107 1807 4156 bora
1828 4119 1962 4154 nona
1996 4104 2045 4153 in
2079 4104 2314 4168 lupanari
2363 4109 2644 4167 prostaret,
2686 4116 2753 4172 ne

1680 4199 1830 4234 mane
1845 4184 2033 4233 omissa
2048 4183 2442 4242 exercitatione,
2457 4195 2521 4230 eo
2527 4182 2588 4245 ju
2596 4195 2752 4231 venes

1681 4262 1984 4328 migrarent.
2020 4259 2220 4311 Alludit
2237 4259 2321 4311 bie
2344 4258 2412 4311 ad
2436 4258 2753 4324 Diogenem,
