3050 4913
1174 398 1473 447 sA'rlRA
1524 400 1634 448 lv,

289 540 650 629 Majestate
676 562 934 609 manns.
998 541 1185 622 Quid
1211 542 1450 609 deinde
1476 545 1746 629 loquere
1763 548 1794 610 'l
1836 566 1842 572 ·
1870 544 2190 626 Quirites,

289 644 476 723 Hoc,
498 652 685 730 puta,
712 665 846 710 non
861 647 1118 731 justum
1141 653 1275 713 est:
1319 647 1485 711 illud
1514 648 1723 713 male:
1771 648 2020 713 rectius
2049 649 2239 714 illud.

285 809 461 859 statuit
495 768 730 873 ιἠιρέπενε

765 809 1006 859 silentium
1035 810 1181 860 σκιαί
1200 810 1416 872 ser-venti
1444 826 1534 875 per
1552 813 1889 863 maturitatem
1926 816 2127 864 dextre.
2172 814 2313 871 Quid
2342 819 2503 878 postea

285 871 454 924 dices?
518 874 569 925 Ο
593 874 814 938 Romani,
837 876 971 939 illud,
990 876 1171 951 opinor,
1202 891 1293 926 non
1325 883 1399 926 eso
1431 879 1683 926 secundum
1706 878 1792 938 jus
1811 878 1946 936 {hoc
1984 881 2197 943 iniquum
2229 886 2335 940 ειη
2378 879 2507 928 istud

1215 1021 1420 1042 ‘mOu
1424 1022 1571 1042 “00“

286 1115 514 1167 ouh—9
546 1114 964 1166 Ita‘membranae
996 1116 1291 1183 Bongarsil,
1322 1132 1427 1168 non
1456 1124 1590 1183 puto.
1656 1118 1955 1172 Priscianus
1990 1120 2082 1171 lib.
2101 1134 2194 1170 xv,
2231 1121 2299 1169 de
2334 1120 2502 1169 termi-

1294 1250 1507 1301 Nom-3

286 1345 433 1394 centi
455 1344 509 1394 in
533 1344 680 1394 iram.

358 1420 548 1470 Fecisse
587 1419 803 1483 silentia]
848 1421 1029 1487 Virgil.
1075 1421 1277 1474 AEneid.
1312 1437 1353 1475 1.

283 1496 407 1547 ‘Ac
452 1497 613 1548 veluti
669 1514 853 1564 magno
892 1499 943 1549 in
987 1500 1180 1564 populo
1235 1516 1355 1551 cnm

290 1586 435 1637 saepe
466 1581 649 1624 coorta
672 1581 754 1625 est
792 1575 1203 1627 Senium-'rum
1246 1577 1355 1641 pie·

285 1659 400 1701 tate
421 1666 631 1715 gravem
650 1667 712 1703 ac
745 1653 946 1704 meritis
967 1656 1011 1704 si
1029 1654 1168 1705 sorte
1188 1655 1355 1705 virum

288 1742 448 1794 quem
499 1728 852 1793 Conspexere,
887 1730 1079 1791 silent,'
1114 1735 1215 1783 etc.
1279 1731 1357 1782 At

286 1818 418 1855 vero
440 1820 595 1871 qnam
628 1807 990 1858 anctoritatem
1029 1807 1241 1858 babebit
1266 1808 1360 1856 im-

286 1879 470 1930 berbis
492 1880 792 1931 adolescens
818 1882 886 1932 ad
918 1883 1358 1948 comprimendum

291 1957 723 2007 tumultuantium
739 1956 995 2008 furorem?

357 2037 392 2082 8
423 2034 684 2094 Mnjmate
726 2033 914 2097 manu]
978 2034 1154 2085 Valer.
1210 2035 1356 2086 Max.

286 2109 383 2159 lib.
416 2122 482 2158 n.
518 2110 695 2173 capite
727 2110 929 2170 ultimo,
961 2112 978 2140 ‘
1002 2106 1132 2174 Est,'
1163 2111 1352 2176 inquit,

285 2188 304 2213 ⁸
328 2186 420 2235 illa
442 2185 588 2251 quasi
619 2186 827 2250 privata
856 2201 1093 2250 censura,
1112 2189 1353 2253 majestas

288 2260 548 2311 clarorum
583 2261 828 2323 virorum,
872 2263 983 2311 siue
1021 2263 1355 2314 tribunalium

284 2335 522 2401 fastigio,
537 2338 647 2386 sine
668 2337 1024 2401 apparitorum
1046 2339 1358 2402 ministerio,

290 2413 552 2477 potensin
569 2428 663 2464 sna
683 2414 1022 2479 amplitudine
1054 2414 1357 2466 obtinenda.

292 2490 465 2541 Grato
486 2490 622 2539 enim
653 2495 708 2540 et
742 2491 977 2554 jucundo
1008 2492 1223 2542 introitu
1256 2494 1359 2541 ani·

292 2567 393 2616 mis
434 2566 696 2617 hominnm
735 2567 969 2617 illabitur
1006 2561 1358 2618 admirationi&

294 2649 560 2706 pretextu
602 2642 812 2693 velata:
872 2657 1022 2708 qnam
1060 2651 1205 2693 reete
1242 2644 1359 2708 quis

290 2718 488 2768 dixerit
526 2718 732 2782 longum
767 2725 824 2768 et
863 2718 1074 2788 beatum
1110 2721 1360 2771 bonorem

291 2795 405 2843 sine
449 2793 678 2845 bonore?
743 2795 904 2846 Ovid.
946 2796 1163 2846 Metam.
1205 2811 1247 2846 ι.
1292 2797 1359 2848 de

288 2870 459 2921 Jove:
495 2870 510 2898 ‘
532 2870 636 2923 Qni
693 2879 967 2936 postquem
1008 2886 1152 2934 voce,
1186 2888 1360 2922 mann-

291 2958 414 3010 qne,
465 2946 737 2996 Murmura
779 2948 1105 3011 compressit,
1145 2955 1358 2999 tenuere

292 3022 727 3073 silentiacuncti!
812 3024 1049 3073 Lucanus
1086 3023 1177 3073 lib.
1216 3038 1255 3075 1.
1290 3025 1357 3075 de

292 3098 438 3152 Julio
461 3100 670 3150 Caesare
696 3115 710 3147 τ
747 3100 762 3128 ‘
783 3099 1088 3150 Tumultnm
1135 3101 1354 3163 Coinpo-

297 3176 402 3225 snit
420 3177 585 3239 vultu,
616 3177 905 3241 dextraque
928 3176 1139 3226 silentia
1165 3176 1359 3240 jussit!

294 3253 422 3303 Act.
444 3252 629 3316 Apost.
650 3268 766 3317 cap.
785 3257 867 3302 13.
889 3254 906 3282 ‘
928 3253 1159 3316 surgens
1181 3259 1356 3303 entem

294 3328 515 3390 Paulus,
536 3335 591 3377 et
622 3343 776 3379 manu
800 3329 1064 3378 silentium
1088 3329 1357 3392 indicens,’

294 3407 396 3453 dte.
461 3404 563 3453 Ubi
586 3403 962 3453 observandum
984 3419 1100 3454 cum
1114 3404 1358 3456 doctiori-

290 3478 628 3542 bumannum
667 3480 809 3529 illum
843 3479 1002 3530 fuisse
1040 3482 1244 3546 pridem
1283 3484 1360 3532 in·

293 3556 505 3610 dicendi
544 3556 755 3615 silentii,
807 3565 1022 3606 extensa
1051 3557 1259 3622 quidem
1302 3563 1359 3608 et

298 3639 548 3697 porrecte
580 3647 732 3681 mann
754 3648 769 3693 ;
792 3632 884 3683 sed
909 3632 986 3682 ita
1006 3640 1067 3682 nt
1091 3632 1362 3683 inferiores

296 3708 401 3758 dno
441 3706 614 3770 digiti,
657 3707 889 3758 medicus
951 3714 1008 3757 et
1046 3708 1364 3771 auricularis,

297 3782 782 3846 comprimerentur,
826 3783 1016 3832 erectis
1053 3789 1110 3831 et
1132 3785 1360 3833 eminen-

297 3858 443 3908 tibus
467 3858 631 3907 tribus
668 3859 804 3921 aliis,
840 3858 1051 3922 pollice,
1086 3859 1281 3920 indice,
1302 3865 1360 3910 et

294 3934 488 3985 medio.
557 3933 711 3985 Quod
726 3934 897 3997 ipsum
918 3933 1028 3983 fieri
1052 3942 1360 3986 consuetum

294 4010 362 4060 ab
403 4010 679 4073 Episcopis
698 4010 841 4071 olim,
866 4010 1246 4075 alloquentibus
1275 4026 1363 4074 po·

295 4088 450 4153 pulos
473 4101 534 4136 ac
572 4085 1022 4150 benedicentibus,
1060 4095 1208 4138 notat
1238 4089 1360 4137 Scu-

297 4165 432 4230 liger
471 4166 526 4214 in
560 4165 909 4228 Propertium.
976 4167 1196 4214 Sanctus
1236 4163 1361 4213 Hie-

298 4257 541 4307 ronymus
596 4241 661 4289 ad
727 4241 998 4291 Rusticum
1048 4240 1358 4290 Monachum

429 4322 613 4388 Detpta.
635 4327 680 4371 et
712 4321 824 4373 Vur.
850 4323 981 4372 Clas.

1433 1346 1590 1399 affert
1614 1349 1765 1400 ulium
1785 1365 1990 1417 qnoque
2014 1348 2291 1399 audientiae
2313 1348 2507 1399 facien·

1435 1424 1516 1475 dae
1546 1426 1814 1490 rationem,
1837 1428 2069 1476 nimirum
2094 1427 2497 1489 concrepatione

1435 1499 1652 1551 duorum
1689 1502 1985 1566 digitorum.
2034 1504 2050 1531 ‘
2079 1504 2211 1552 Cum
2251 1501 2498 1552 librorum

1436 1585 1632 1628 struem
1651 1577 2006 1643 exposuisset,'
2031 1577 2217 1642 inquit,
2236 1579 2250 1605 ‘
2272 1577 2500 1627 adducto

1434 1655 1726 1719 supercilio,
1746 1655 2027 1705 contractis
2042 1653 2265 1716 naribus,
2281 1667 2342 1703 ac
2365 1651 2505 1704 fron-

1433 1738 1491 1781 te
1521 1739 1729 1796 rugata,
1752 1731 1951 1782 dnobus
1972 1730 2203 1794 digitulis
2221 1742 2504 1793 concrepa-

1436 1808 1544 1871 bat,
1580 1809 1680 1858 lioc
1715 1809 1863 1873 signo
1900 1809 1963 1858 nd
2006 1807 2316 1858 audiendum
2354 1806 2507 1857 disci·

1437 1885 1586 1947 pulos
1610 1885 1930 1948 provocans!

1503 1958 1637 2015 Quia
1657 1959 1825 2010 deinde
1846 1958 2059 2024 toquere]
2118 1960 2189 2009 Et
2229 1959 2269 2009 si
2292 1958 2503 2010 audien·

1440 2032 1563 2083 tiam
1590 2035 1689 2084 tibi
1711 2033 1895 2086 feceris
1929 2035 2262 2099 imperatorio
2293 2034 2502 2084 nomine

1432 2123 1495 2160 ac
1513 2110 1679 2174 vultu,
1708 2118 1762 2160 et
1787 2111 2061 2175 majestate
2087 2125 2286 2172 manns,
2315 2118 2374 2160 nt
2407 2109 2505 2160 tibi

1433 2186 1645 2251 largior,
1671 2188 1786 2251 jam
1824 2188 2153 2250 experiamur
2173 2203 2323 2253 qnam
2347 2187 2507 2243 orati·

1436 2277 1586 2312 onem
1619 2269 1674 2313 et
1696 2268 1849 2328 quem
1885 2264 2124 2313 idoneam
2150 2263 2398 2327 pacandae
2424 2278 2505 2312 se·

1438 2336 1627 2387 ditioni
1645 2339 1716 2388 sis
1736 2338 2020 2388 habiturus.
2085 2338 2218 2387 Nam
2242 2338 2322 2385 vir
2335 2337 2507 2401 gravis

1439 2412 1578 2477 apud
1613 2414 1888 2478 Virgilium
1910 2414 2028 2463 loco
2051 2412 2214 2464 citato
2239 2412 2438 2463 AEueid.
2464 2426 2506 2464 1.

1435 2492 1455 2523 ⁴
1478 2491 1633 2555 Regit
1651 2491 1805 2541 dictis
1825 2491 2042 2554 animos,
2061 2498 2118 2540 et
2140 2496 2356 2554 pectora
2377 2491 2506 2538 mul-

1440 2567 1558 2617 cet!

1505 2642 1742 2708 Quirites]
1773 2643 2000 2693 Abusive
2037 2641 2264 2706 positum
2299 2640 2507 2691 videtur

1438 2734 1537 2784 pro
1585 2720 1742 2770 Cives.
1809 2721 2047 2769 Fortasse
2081 2719 2242 2768 etiam
2277 2717 2398 2765 hinc
2434 2717 2509 2765 in·

1440 2795 1554 2845 nuit
1578 2811 1609 2845 a
1632 2811 1688 2846 se
1723 2797 1871 2860 carpi
1897 2797 2158 2847 Neronem
2176 2795 2381 2860 Populo
2404 2795 2506 2844 Ro·

1438 2886 1591 2922 mano
1613 2873 1929 2937 loquentem.

1501 2952 1537 2998 ⁹
1571 2948 1695 3012 Hoc,
1726 2954 1863 3012 putu,
1904 2964 1995 2998 non
2017 2948 2208 3010 justam
2252 2947 2345 3010 est]
2417 2946 2503 2997 Sic

1434 3024 1567 3088 legit
1607 3024 1970 3074 Casanbonns:
2009 3029 2142 3087 putu,
2165 3023 2283 3073 adv.
2319 3021 2373 3070 id
2406 3029 2509 3086 est,

1437 3100 1674 3150 scilicet:
1715 3107 1769 3149 et
1790 3101 1921 3150 citet
1951 3101 2274 3150 Prisciannm
2295 3099 2388 3149 lib.
2412 3113 2503 3150 xv.

1435 3175 1542 3226 Sed
1586 3175 1840 3225 Prisciani
1877 3176 2039 3225 verba
2081 3190 2263 3239 parum
2311 3175 2505 3238 juvant

1440 3267 1555 3302 eam
1592 3252 1882 3302 lectionem.
1951 3252 2132 3302 Malim
2167 3252 2345 3316 itaque
2386 3266 2504 3302 cnm

1439 3327 1569 3391 aliis,
1589 3328 1675 3375 Ιωε
1692 3331 1824 3390 puto,
1841 3330 1942 3375 dte.
1969 3326 2155 3391 quibus
2180 3326 2350 3376 verbis
2368 3325 2508 3375 belle

1440 3403 1752 3466 exprimitur
1788 3402 1998 3466 puerilis
2032 3403 2216 3465 oratio,
2239 3410 2293 3451 nt
2332 3401 2509 3451 obser-

1440 3486 1565 3528 vant
1586 3478 1729 3528 docti
1750 3477 2090 3540 Interpretes‚
2123 3484 2179 3527 et
2215 3490 2381 3526 sermo
2413 3476 2502 3524 bo·

1437 3555 1589 3604 minis
1610 3568 1781 3603 rerum
1814 3562 1871 3603 et
1899 3554 2233 3603 scientiarum
2255 3551 2503 3615 imperiti.

1439 3632 1621 3680 Tsntoe
1644 3637 1791 3680 certe
1806 3628 1960 3678 animi
1977 3627 2306 3677 confidentiae
2328 3633 2384 3675 et
2400 3641 2507 3675 ma-

1440 3721 1538 3756 nns
1573 3704 1815 3770 gravitati
1838 3718 1900 3754 ac
1925 3704 2209 3768 majestati,
2243 3701 2508 3752 minimum

1440 3781 1723 3846 respondet
1754 3780 1883 3829 illud
1926 3779 2307 3829 subdubitantis
2345 3784 2401 3828 et
2434 3778 2512 3827 di-

1442 3873 1561 3912 cere
1577 3857 1913 3921 exordientis,
1930 3861 2063 3921 puto.

1506 3937 1636 3986 lund
1652 3937 1790 3998 mule,
1807 3936 1985 3985 recem
2004 3934 2147 3997 illaad]
2190 3935 2354 3986 Quasi
2379 3949 2505 3986 vero

1445 4012 1670 4076 simplici
1687 4012 1773 4061 illa
1797 4010 1914 4060 mali
1938 4012 2380 4075 enuntiatione,et
2401 4026 2509 4061 me·

1442 4088 1586 4137 lioris
1605 4087 1954 4152 appellatione
1977 4096 2034 4136 et
2056 4087 2365 4150 ostensione,
2385 4088 2515 4137 mul·
2613 4125 2622 4133 .

1444 4162 1615 4213 titudo
1637 4162 1778 4211 rudis
1811 4168 1865 4212 ct
1896 4163 2109 4226 insuper
2131 4161 2303 4212 furore
2339 4162 2510 4212 obem-

1441 4245 1563 4289 ceta
1579 4237 1772 4288 moseri
1789 4242 1847 4289 et
1867 4238 2129 4306 compesci
2154 4244 2328 4304 queat.
2385 4239 2511 4301 lpse

1337 4320 1475 4370 Pers.
2331 4317 2380 4386 G
