3050 4913
492 370 521 435 1
1266 377 1515 429 nmax
1567 375 1841 427 Renum

493 527 595 577 108
646 524 860 576 Factum
885 529 992 573 tam
1026 521 1338 572 detestabile
1372 522 1416 571 si
1448 520 1561 570 nnl-
1637 519 1701 569 ad

399 611 402 616 ·
493 592 603 643 lm
625 588 677 638 in
698 590 850 638 terris
879 586 1112 637 ostendis
1135 587 1248 644 xiii,
1274 591 1369 636 126

1432 585 1563 635 facti

495 652 690 705 crimen
713 653 890 711 babet,
906 653 993 716 qui
1016 652 1182 700 scelus
1199 655 1336 700 intra
1352 665 1408 700 se
1433 651 1562 699 taci-

498 726 608 771 tum
624 718 821 776 cogitat
844 717 998 764 ullum
1017 717 1132 778 xiii,
1154 719 1251 764 210
1316 715 1416 764 diri
1442 729 1565 764 con·

496 782 604 833 scia
643 796 788 830 mens
827 781 934 840 xiii,
972 785 1066 830 193
1133 780 1326 829 occulti
1359 780 1567 829 conscia

501 849 574 908 vi,
593 851 688 896 271
746 844 898 895 factis
921 844 1193 893 levioribus
1215 845 1285 907 iv,
1303 848 1359 892 11
1409 842 1569 893 factis

502 911 760 975 dictisque
783 917 994 959 sanctus
1011 908 1119 968 viii,
1139 912 1201 956 26

565 974 809 1024 Facunda
820 985 876 1023 et
890 973 1029 1022 nuda
1045 977 1282 1021 senectus
1291 971 1404 1020 odit
1423 986 1568 1020 suam

500 1039 876 1101 Terpsichoren
899 1038 992 1098 vii,
1014 1041 1075 1087 36
1142 1043 1199 1086 et
1235 1035 1395 1085 docta
1418 1037 1570 1098 cupit

505 1102 670 1153 videri
689 1104 759 1163 vi,
775 1106 870 1150 446
918 1116 1016 1150 vox
1030 1102 1161 1164 justi
1180 1101 1381 1150 Solonis
1398 1115 1450 1162 x,
1470 1104 1568 1150 274

502 1165 677 1220 Gallia
706 1182 792 1226 xv,
812 1171 905 1215 111
970 1165 1248 1214 facundum
1283 1165 1569 1215 Caedicium

504 1232 613 1291 xvi,
631 1235 694 1280 46
751 1230 1008 1283 Quiritem
1034 1232 1134 1278 ima
1159 1230 1311 1293 plebe
1335 1228 1569 1278 invenies

504 1296 619 1355 viii,
637 1299 703 1344 48

571 1359 828 1409 Facundia
868 1358 1041 1408 multis
1082 1356 1351 1407 mortifera
1390 1363 1472 1406 est
1515 1371 1570 1418 x,

507 1427 571 1473 10
606 1439 719 1474 rara
736 1425 787 1471 in
807 1422 950 1472 tenui
966 1437 1135 1486 panno
1154 1423 1244 1484 vii,
1262 1426 1356 1471 146
1392 1422 1571 1487 quales

507 1502 677 1537 mores
698 1488 767 1548 iv,
791 1492 855 1536 82

571 1552 737 1601 Facis
760 1550 969 1600 Acbaeae
993 1557 1154 1614 quota
1174 1551 1344 1613 portio
1365 1550 1441 1612 iii,
1463 1554 1525 1601 61

573 1615 850 1666 Presidium
871 1623 1112 1677 agentem
1136 1614 1247 1676 xiii,
1269 1618 1334 1662 32

574 1680 849 1729 Falernum
874 1680 1032 1741 pelvis
1052 1686 1235 1727 aurata
1253 1679 1362 1728 olet
1385 1678 1454 1740 vi,
1474 1681 1575 1727 430
1600 1724 1603 1726 ,

509 1743 718 1794 Falerni
763 1744 1000 1806 subrepti
1036 1750 1222 1806 potare
1265 1749 1471 1791 tantum
1502 1743 1577 1804 ix,

513 1812 611 1857 116
675 1809 895 1857 Falerno
930 1807 1141 1857 arderet
1179 1808 1354 1869 pulmo
1387 1807 1457 1867 ir,
1480 1810 1577 1855 138

508 1872 619 1924 acri
642 1871 802 1921 ducta
830 1886 959 1934 ruga
991 1872 1100 1933 xiii,
1133 1874 1230 1920 216
1295 1885 1440 1920 mero
1464 1885 1579 1932 per-

508 1934 632 1986 fusa
655 1942 896 2001 spumant
912 1943 1172 1996 unguenta
1191 1935 1259 1994 vi,
1274 1938 1370 1984 303
1404 1935 1578 1984 Faler-

509 2014 605 2052 nas
629 2001 791 2050 tssmos
813 2001 984 2062 poscit
1002 1999 1244 2046 maritum
1265 1999 1333 2058 vi,
1352 2001 1448 2048 160

580 2064 777 2115 Fallaci
811 2077 940 2112 urna
977 2063 1231 2112 Praetoris
1265 2063 1452 2112 vicerit
1485 2062 1580 2112 im·

512 2128 677 2192 proba
701 2128 870 2190 gratia
891 2127 1002 2189 xiii,
1023 2131 1055 2176 4

577 2191 740 2242 Fallit
762 2190 943 2240 vitium
967 2189 1148 2255 specie
1169 2190 1376 2240 virtutis
1396 2197 1451 2240 et
1475 2205 1582 2240 um·

513 2254 612 2306 bra
635 2257 741 2319 xiv,
760 2260 856 2304 109

580 2320 736 2369 Falso
757 2319 989 2382 signator
1010 2320 1049 2381 i,
1071 2322 1136 2367 67

583 2384 765 2433 Falsus
784 2389 843 2432 ut
859 2383 1081 2445 sis‚licet
1103 2382 1341 2431 Phalaris
1362 2383 1584 2447 imperet

515 2448 638 2563 ἷέἰιίίῑ
649 2447 1190 2576 ξῖῑαωῐῗεῖὶεῖιῧῗξῑχιξὲ’
1213 2451 1346 2562 εἶιιῗο
1363 2447 1584 2576 ἕτίᾗοῗξ

1078 2551 1093 2576 5

516 2578 715 2627 laturos
763 2577 973 2625 nomina
1027 2578 1333 2626 Scaurorum
1374 2577 1448 2639 vi,
1486 2581 1583 2626 004

517 2642 727 2692 nomine
770 2655 956 2704 poscas
991 2642 1029 2702 i,
1063 2645 1129 2689 98
1192 2655 1249 2690 se
1283 2642 1479 2690 lautum
1513 2640 1587 2689 fa·

521 2719 641 2757 cere
662 2705 698 2763 i,
734 2710 798 2754 67
863 2704 1017 2754 falsas
1054 2705 1258 2768 signare
1280 2705 1499 2754 tabellas
1534 2706 1586 2754 in

520 2770 731 2833 templis
755 2769 863 2829 viii,
886 2774 982 2818 142

588 2832 974 2883 Falx-falcem
1030 2839 1289 2896 agrestem
1360 2838 1591 2882 sumeret

518 2896 727 2960 fugiens
770 2897 1022 2946 Saturnus
1075 2896 1247 2960 posito
1296 2896 1589 2945 diademate

522 2961 635 3023 xiii,
684 2966 750 3010 30
845 2959 977 3009 falce
1031 2962 1214 3024 supina
1271 2969 1590 3025 pugnantem

523 3025 820 3075 Gracchum
841 3024 948 3086 viii,
986 3029 1080 3074 201
1148 3023 1370 3076 falcibus
1408 3027 1591 3075 credas

525 3095 701 3140 aetum
717 3090 827 3150 xiv,
849 3094 943 3139 149

591 3154 750 3202 Fama
770 3168 958 3217 magna
979 3160 1059 3202 est
1081 3154 1346 3218 cujusdam
1367 3154 1591 3204 viventis

525 3231 647 3266 rure
688 3224 908 3280 paterno
941 3218 1013 3279 vi,
1046 3224 1108 3266 65
1175 3224 1450 3268 contentus
1493 3220 1595 3268 Lu·

525 3295 685 3331 canus
702 3282 788 3341 vii,
809 3285 874 3330 79
917 3296 1034 3330 eum
1057 3282 1204 3331 nobis
1228 3281 1391 3331 tradit
1413 3297 1593 3347 super-

526 3344 650 3395 bum
673 3345 861 3408 viii,7l
929 3346 1041 3394 baec
1075 3347 1167 3410 (al.
1191 3346 1274 3410 ut)
1295 3354 1377 3395 est
1407 3361 1495 3409 xv,
1528 3351 1592 3397 03

526 3409 740 3459 sinistra
782 3417 904 3459 sunt
949 3409 1108 3473 digna
1152 3409 1368 3473 plurima
1411 3410 1522 3472 xiV,
1564 3416 1590 3461 1

526 3472 682 3525 famae
703 3475 992 3538 conspicuae
1017 3474 1192 3523 divina
1227 3474 1517 3538 Philippica
1540 3491 1594 3539 x,

527 3543 624 3587 126
692 3538 964 3588 discrimen
1008 3547 1250 3603 tanquam
1299 3546 1485 3602 agatur
1530 3541 1596 3601 vi,

527 3607 628 3651 600
692 3602 805 3653 sitis
836 3603 1002 3666 major
1024 3610 1105 3652 est
1128 3618 1279 3667 quam
1302 3605 1511 3654 virtutis
1541 3620 1595 3663 x,

528 3668 625 3717 140
681 3667 953 3716 dulcedine
972 3682 1250 3717 succensus
1275 3670 1362 3730 vii,
1384 3673 1448 3718 30
1503 3683 1595 3732 op-

603 3745 726 3780 nere
746 3731 883 3797 quod
903 3732 1066 3794 possis
1083 3733 1154 3795 ix,
1170 3737 1237 3783 86
1269 3749 1422 3798 quam
1441 3732 1594 3782 foedae

572 3796 756 3844 uccina
802 3798 911 3857 xiv,
959 3801 1052 3845 152
1141 3798 1355 3847 aliorum
1404 3798 1597 3847 incum-

531 3856 655 3907 bere
698 3860 938 3909 miserum
982 3866 1064 3911 est
1103 3862 1211 3923 viii,
1254 3867 1321 3911 76
1406 3860 1596 3911 famam

531 3921 693 3970 trabit
726 3937 757 3970 a
789 3938 946 3973 censu
981 3927 1136 3987 xi,23
1204 3940 1301 3988 per
1332 3924 1517 3975 famam
1542 3931 1596 3975 et

532 3984 1438 4115 ffi‘sffimn'e‘iffsxassffff‘z{⁰33⁰ss
1462 3991 1597 4103 ³33}

532 4121 881 4164 contemserat
899 4116 1041 4176 olim,
1074 4117 1219 4179 cujus
1250 4118 1386 4180 apud
1418 4088 1599 4166 molles

535 4178 746 4229 minima
784 4185 864 4229 est
890 4180 1102 4244 jactura
1132 4180 1406 4231 cathedras
1440 4182 1511 4244 vi,
1534 4186 1599 4232 90

535 4240 728 4305 {amm
759 4259 1090 4311 rumoresque
1129 4253 1367 4298 recentes
1399 4246 1599 4313 excipit

1797 525 1901 568 rtas
1920 515 1995 580 vi,
2011 520 2110 567 408

1749 583 1964 632 amelica
1987 585 2220 631 armenta
2241 580 2353 644 xiv,
2371 585 2468 632 146

1704 648 1889 696 Fames
1935 653 2041 696 tam
2076 645 2262 710 jejuna
2327 660 2383 706 r,
2405 650 2468 695 10
2555 651 2707 697 tanta

1642 710 1935 775 infestaque
1952 725 2038 771 xv,
2059 714 2156 759 120
2199 710 2249 758 in
2271 718 2521 774 quantum
2537 712 2712 773 poscit

1642 777 1749 836 xiV,
1772 779 1870 825 318
1915 781 1970 823 et
1993 776 2072 824 ira
2096 789 2247 838 pares
2266 776 2316 822 in
2339 775 2517 823 horum
2537 780 2710 825 mente

1644 855 1733 902 κν,
1757 844 1851 889 131
1898 837 2086 888 famem
2106 838 2444 903 brumamque
2467 839 2556 887 illa
2575 846 2711 889 reste

1646 911 1800 954 cavet
1813 904 1920 962 xiv,
1943 907 2038 952 273
2090 902 2275 952 funem
2299 904 2452 952 aliam
2472 909 2714 966 noverat,

1645 968 2716 1098 333133¹¹2¹3053¹ffiz÷22ff02122,¹232

1646 1098 1897 1161 magistra
1928 1097 1998 1158 vi,
2036 1101 2133 1145 360
2198 1095 2335 1146 fame
2365 1104 2618 1159 urgentur
2649 1095 2719 1159 vi,

1647 1167 1743 1212 424
1810 1161 2105 1210 stimulante
2145 1161 2250 1223 xiv,
2285 1165 2349 1209 84
2416 1161 2717 1210 lacerabant

1648 1225 1880 1275 membra
1900 1240 1989 1288 xv,
2015 1229 2109 1274 102

1716 1290 1928 1338 Famoso
1975 1290 2192 1352 Canopo
2230 1304 2317 1349 xv,
2365 1293 2433 1338 46
2516 1286 2712 1339 famosa

1648 1354 1835 1403 moenia
1856 1355 1981 1418 Lagi
2006 1354 2077 1413 vi,
2098 1358 2162 1403 83

1714 1418 1939 1467 Famulae
1962 1419 2110 1470 Jovis
2134 1432 2255 1466 aves
2280 1418 2383 1481 xiv,
2407 1422 2467 1466 81

1713 1483 1990 1531 Fanaticus
2005 1490 2163 1532 oestro
2178 1497 2468 1545 percussus,
2481 1480 2720 1542 Bellona,

1650 1554 1741 1596 tuo
1767 1546 1966 1595 divinat
1988 1547 2058 1608 iv,
2091 1551 2183 1596 123
2249 1561 2408 1595 senex
2430 1548 2574 1596 crine
2604 1546 2720 1595 albo

1650 1610 1866 1660 antistes
1890 1625 2150 1661 sacrorum
2173 1611 2227 1670 ii,
2252 1616 2347 1660 112

1717 1675 1912 1723 Fanum
1955 1675 2109 1724 Isidis
2152 1683 2258 1725 cet.
2306 1676 2379 1737 ix,
2413 1675 2477 1725 22
2542 1673 2717 1725 fanum

1651 1738 1871 1788 Veneris
1888 1753 2004 1788 cum
2024 1740 2187 1801 videt,
2204 1747 2354 1802 optat
2374 1739 2592 1789 formam
2609 1746 2719 1790 cet.

1654 1807 1824 1865 x,290
1889 1801 2013 1852 fana
2051 1805 2274 1868 plurima
2309 1805 2361 1853 id
2402 1805 2578 1853 votiva
2614 1813 2718 1854 tes·

1656 1875 1836 1917 tantur
1858 1867 2050 1917 tabella
2072 1867 2164 1928 xii,
2185 1872 2249 1916 27

1718 1932 1917 1981 Farinoe
1943 1932 2118 1981 solidae
2130 1933 2241 1996 jam
2257 1932 2466 1983 mucida
2483 1931 2650 1983 frusta
2672 1947 2723 1997 v,

1720 2061 1947 2123 Farrago
1968 2059 2130 2109 nostri
2153 2059 2316 2109 libelli
2340 2059 2376 2123 i,
2397 2066 2462 2110 86

1720 2126 1938 2174 Farrata
1960 2123 2220 2187 ponebant
2240 2125 2416 2175 Tusco
2450 2123 2625 2175 catino
2655 2123 2726 2188 xi,

1723 2252 1896 2302 Farris
1919 2251 2089 2301 canini
2115 2253 2291 2302 sordes
2312 2268 2363 2315 ν,
2387 2258 2447 2302 11
2503 2251 2644 2302 farre
2668 2257 2725 2302 et

1656 2317 1777 2365 vino
1818 2317 2004 2367 Janum
2041 2317 2357 2380 Vestamque
2398 2318 2618 2381 rogabat
2657 2317 2727 2380 vi,

1657 2385 1756 2431 386
1823 2395 1914 2429 suo
1963 2387 2019 2428 et
2069 2396 2173 2430 aere
2221 2396 2436 2445 quornm
2492 2381 2728 2432 custodit

1658 2445 1852 2494 animas
1870 2445 1942 2506 ix,
1964 2449 2059 2494 122
2125 2460 2343 2495 exorare
2363 2447 2520 2495 Lares
2540 2446 2612 2509 ix,
2628 2449 2726 2497 138

1660 2508 1802 2559 farra
1821 2510 2070 2573 imponite
2088 2511 2269 2559 cultris
2287 2512 2380 2569 xii,
2397 2516 2460 2561 84
2527 2511 2729 2576 paucis·

1657 2575 1787 2624 sima
1810 2575 1981 2639 exigui
2006 2575 2143 2623 ruris'
2160 2583 2424 2625 secantem
2450 2575 2557 2638 xiV,
2583 2580 2695 2626 166.

1725 2641 1824 2688 Fas
1850 2640 1969 2702 quid
1993 2647 2148 2704 atque
2184 2638 2350 2701 nefas,
2371 2639 2580 2689 tandem
2606 2638 2731 2688 inci·

1662 2703 1809 2766 piunt
1831 2704 2025 2753 sentire
2049 2705 2276 2767 peractis
2300 2704 2600 2754 criminibus
2623 2704 2736 2766 xiii,

1662 2771 1758 2816 237
1825 2782 1938 2817 esse
1956 2776 2104 2830 putet
2121 2783 2333 2831 sperare
2356 2769 2391 2830 i,
2409 2773 2473 2817 68
2515 2768 2626 2833 jam
2645 2775 2732 2817 est

1665 2832 1734 2893 vi,
1767 2836 1865 2881 329
1923 2832 2033 2895 jam
2057 2838 2137 2882 est
2159 2833 2450 2897 privignum
2486 2832 2728 2883 occidere

1664 2895 1736 2957 vi,
1759 2900 1859 2944 628
1924 2905 2005 2945 est
2029 2911 2197 2959 genua
2229 2897 2467 2948 incerare
2493 2900 2730 2948 Deorum

1666 2976 1719 3023 x,
1738 2966 1800 3008 65
1868 2961 1953 3010 cui
1976 2960 2213 3011 Ithacum
2246 2963 2426 3025 lugere
2459 2969 2727 3013 natantem

1667 3040 1699 3072 x
1740 3028 1835 3073 267

1705 3059 1897 3138 'Pasce
1925 3087 1978 3136 in
2001 3104 2187 3152 magno
2213 3090 2429 3139 comites
2456 3088 2616 3139 libelli
2637 3090 2733 3152 vii,

1670 3158 1764 3203 107
1806 3152 1977 3202 fasces
2000 3154 2189 3203 meruit
2208 3168 2387 3218 regum
2410 3154 2620 3203 ultimus
2644 3153 2735 3204 ille

1669 3217 1917 3267 bonorum
1940 3217 2046 3280 viii,
2067 3223 2166 3268 260
2230 3218 2415 3281 fasces,
2452 3225 2734 3283 praetexta,

1669 3281 1869 3343 trabea,
1924 3283 2129 3344 lectica,
2181 3283 2402 3332 tribunal
2443 3296 2734 3347 quanquam

1669 3362 1771 3396 non
1796 3354 1971 3396 essent
1989 3347 2199 3396 urbibus
2216 3347 2313 3396 illis
2329 3363 2380 3411 x,
2400 3351 2463 3397 36
2533 3347 2623 3411 qui
2646 3345 2736 3395 da-

1670 3411 1761 3460 bat
1785 3412 1907 3460 olim
1944 3426 1996 3471 x,
2014 3415 2082 3460 79
2147 3410 2375 3460 fascibus
2405 3412 2525 3461 olim
2569 3410 2737 3473 major

1667 3476 1960 3524 habebatur
1979 3476 2205 3524 donandi
2227 3476 2386 3538 gloria
2411 3492 2462 3537 v,
2489 3479 2582 3524 110

1735 3539 1918 3588 Fascia
1963 3553 2113 3615 qnam
2156 3540 2314 3589 denso
2359 3540 2489 3590 libro
2532 3539 2600 3601 vi,
2637 3541 2736 3589 263

1668 3603 1880 3653 Bruttia
1901 3603 2053 3652 calidi
2080 3605 2209 3653 visci
2244 3606 2459 3653 nitorem
2484 3604 2577 3654 tibi
2606 3618 2738 3665 prae-

1669 3668 1843 3716 stabat
1866 3667 1938 3730 ix,
1965 3672 2023 3716 14
2089 3668 2237 3730 nigra
2260 3676 2318 3717 et
2341 3670 2483 3718 color
2509 3668 2591 3718 hic
2616 3666 2739 3717 coeli

1668 3731 1739 3781 nil
1761 3732 1986 3781 minatur
2006 3733 2110 3794 xiv,
2130 3735 2225 3781 294

1737 3796 1967 3845 Fastidia
1988 3803 2193 3845 moveat
2226 3796 2484 3860 captatori
2505 3796 2664 3846 Cosso
2684 3810 2739 3859 x,

1671 3865 1768 3909 202
1834 3875 2055 3926 quercus
2079 3861 2388 3923 contingunt
2416 3860 2607 3909 bomini
2631 3859 2739 3922 xiv,

1674 3928 1768 3973 184
1836 3926 2020 3975 mercis
2065 3926 2217 3974 ullius
2263 3933 2318 3975 te
2373 3925 2591 3974 subeant
2629 3924 2742 3986 xiv,

1738 4052 1962 4102 Fastidit
1985 4053 2216 4103 oluscula
2232 4050 2399 4101 fossor
2420 4050 2571 4113 xi‚80
2637 4048 2741 4100 fas·

1677 4116 1858 4166 tiditus
1883 4117 1947 4165 ab
1971 4125 2145 4166 aratro
2166 4116 2258 4165 bos
2278 4132 2331 4178 x,
2362 4121 2461 4166 270
2526 4129 2623 4165 ceu
2647 4113 2744 4164 fas·

1675 4180 1828 4230 tidita
1846 4180 2055 4230 erubuit
2077 4182 2187 4231 haec
2212 4181 2415 4244 repulsa
2439 4195 2492 4242 x,
2513 4184 2612 4228 326

1740 4245 1975 4310 Fastigia
1996 4246 2062 4296 ad
2084 4261 2268 4311 magna
2288 4260 2459 4295 rerum
2481 4260 2546 4294 ex
2564 4240 2745 4293 humill
