3050 4913
515 301 603 367 16
1305 316 1400 364 nn
1447 314 1695 365 pransu
1744 314 1944 378 vin,

531 463 536 468 “
601 458 698 524 Ut
741 457 986 542 ubique
1027 462 1235 524 artem
1275 458 1529 524 redolet
1577 458 1854 537 Noster,
1902 459 2004 524 sic
2051 460 2252 526 etiam
2298 461 2368 525 in
2418 478 2725 527 versuum

511 561 952 629 concinnitate
980 579 1528 644 numerorumque
1557 561 1874 643 gravitate
1900 566 1971 625 et
1999 580 2255 627 canore.
2307 560 2443 640 Qui
2468 579 2728 640 versus,

513 666 601 730 ab
633 663 1009 729 Horatiana
1036 661 1305 727 levitate
1343 666 1409 726 et
1456 661 1858 745 negligentia
1900 662 2280 745 longissime
2307 665 2569 741 remoti,
2590 682 2726 729 non

512 773 650 832 tam
676 767 764 830 ob
790 764 860 829 id
891 764 1375 848 praestantiores
1396 763 1822 827 existimandi
1845 768 2019 841 sunt,
2043 783 2245 847 quam
2271 765 2505 842 colori,
2529 775 2726 850 quem

514 866 789 932 Persius
837 866 1059 930 satiris
1108 864 1256 929 suis
1298 863 1587 942 induxit,
1631 864 1947 947 aptiores.
2053 865 2122 929 N
2124 885 2209 930 on
2254 871 2454 931 vacat
2500 866 2726 933 varias

510 969 854 1035 doctorum
884 967 1173 1032 virorum
1201 985 1403 1051 super
1439 965 1609 1029 hanc
1656 983 1797 1029 rem
1841 966 2188 1048 opiniones
2215 967 2540 1050 colligere,
2566 987 2725 1052 quae

502 1072 769 1155 passim
795 1068 1081 1153 longius,
1113 1088 1316 1153 quam
1353 1087 1396 1132 a
1422 1067 1722 1132 doctrina
1747 1073 1817 1132 et
1844 1068 2167 1150 elegantia
2194 1067 2452 1133 illorum
2477 1089 2726 1153 expece-

509 1174 635 1240 tari
661 1173 1006 1258 potuisset,
1037 1191 1081 1237 a
1107 1190 1264 1237 vero
1293 1171 1638 1235 aberrasse
1667 1169 1991 1234 videntur.
2081 1168 2243 1234 Hoc
2264 1170 2425 1235 mihi
2452 1172 2723 1255 quidem

503 1274 951 1342 certissimum
993 1272 1254 1338 videtur
1301 1291 1472 1351 esse,
1530 1270 1809 1336 virtutes
1864 1270 2231 1337 hexametri
2282 1274 2373 1338 ab
2430 1272 2724 1339 Horatio

508 1376 747 1444 melius
773 1383 840 1441 et
867 1374 1249 1442 accuratius
1275 1392 1425 1437 esse
1451 1377 1863 1456 perspectas,
1893 1389 2097 1456 quam
2143 1392 2316 1438 nunc
2344 1375 2430 1439 ab
2470 1376 2722 1441 acutis—

505 1479 697 1544 simis
727 1478 972 1543 criticis
1000 1478 1263 1561 possint
1290 1475 1564 1558 intelligi
1584 1495 1605 1555 ;
1629 1473 2039 1557 eundemque
2066 1493 2195 1539 non
2224 1482 2362 1540 tam
2392 1477 2721 1544 inexerci=

503 1585 718 1647 tatum
755 1581 826 1645 in
875 1580 962 1643 iis
1011 1576 1374 1643 condendis
1419 1574 1648 1653 fuisse,
1702 1593 1903 1658 quam
1947 1594 2119 1640 nunc
2165 1595 2255 1641 ex
2297 1578 2718 1660 negligentia,

508 1700 665 1766 quae
695 1687 912 1747 tamen
941 1679 1406 1765 proculdubio
1434 1679 1727 1763 quaesita
1758 1684 1881 1755 est,
1911 1678 2213 1770 colligere
2239 1698 2313 1744 se
2340 1698 2540 1762 posse
2572 1681 2721 1764 qui-

509 1784 661 1849 dam
702 1783 1070 1866 opinantur.
1079 1786 1127 1824 ¹⁷

594 1885 736 1965 Qui
766 1885 1031 1951 Graecis
1060 1885 1270 1951 literis
1300 1885 1594 1949 imbutus
1618 1890 2043 1950 monumenta
2070 1883 2521 1949 Romanorum
2551 1886 2719 1970 poe-

500 1993 714 2053 tarum
739 1987 1182 2071 perlustravit,
1228 2005 1380 2050 eum
1425 2006 1557 2050 non
1593 1987 1779 2070 fugit,
1829 1988 2492 2073 praestantissimam
2472 1991 2719 2071 mgeuii

505 2092 779 2174 partem,
811 2107 968 2171 quae
988 2088 1272 2153 cernitur
1301 2088 1370 2153 in
1396 2090 1812 2170 inveniendo,
1834 2091 2137 2156 omnibus
2164 2109 2381 2174 poene,
2407 2111 2496 2155 ex
2520 2097 2716 2175 parte

504 2191 759 2269 saltem,
806 2189 1117 2267 defuisse,
1172 2210 1420 2283 eosque
1464 2211 1597 2255 non
1648 2198 1786 2256 tam
1843 2193 2214 2258 inventores
2268 2211 2489 2255 rerum
2559 2213 2715 2259 esse

504 2293 866 2370 vocandos,
925 2312 1126 2376 quam
1183 2294 1543 2360 imitatores
1610 2292 2000 2360 Graecorum
2055 2298 2120 2359 et
2177 2295 2265 2358 ab
2314 2313 2543 2360 eorum
2590 2315 2712 2361 ex-

502 2394 736 2479 emplis
806 2394 1184 2479 pendentes.
1325 2393 1450 2461 Est
1521 2395 1697 2460 enim
1782 2398 1855 2461 in
1929 2397 2323 2482 populorum
2394 2398 2710 2465 aetatibus

500 2502 568 2562 et
620 2496 969 2580 singularis
1026 2496 1312 2563 hominis
1360 2496 1503 2569 vita
1547 2504 1615 2563 et
1657 2499 2057 2564 institutione
2107 2501 2419 2584 quaedam
2472 2501 2709 2566 simili-

499 2597 679 2663 tudo.
768 2595 1082 2661 Omnium
1122 2598 1354 2662 mentis
1395 2597 1786 2664 facultatum
1831 2603 2151 2666 memoria
2194 2606 2263 2666 et
2302 2602 2706 2686 imaginandi

498 2699 605 2763 vis
675 2698 891 2783 prima
962 2718 1037 2762 se
1108 2702 1340 2778 exerit,
1414 2701 2011 2786 perfectionemque
2085 2704 2379 2787 aliquam
2451 2706 2705 2788 attingit

492 2803 566 2864 et
612 2799 1054 2865 maturitatem
1103 2819 1256 2864 cum
1300 2802 1368 2865 in
1412 2803 1642 2886 pueris
1691 2823 1811 2868 seu
1860 2803 2420 2883 adolescentibus„
2449 2812 2593 2870 tum
2638 2808 2705 2870 in

498 2900 763 2983 populis
790 2898 1064 2962 rudibus
1119 2899 1545 2986 nondumque
1586 2904 1890 2968 excultis.
1980 2903 2058 2968 Iu
2104 2905 2233 2969 hac
2284 2911 2504 2985 aetate,
2536 2907 2704 2973 mul-

497 3000 586 3065 tis
660 2999 860 3063 simul
941 3000 1092 3064 aliis
1174 3002 1377 3066 rebus
1456 3004 1528 3068 in
1621 3003 1746 3069 hoc
1836 3005 2394 3090 conspirantibus,
2471 3008 2701 3093 poetoe

497 3101 707 3167 solent
751 3104 933 3193 nasci
977 3121 1020 3166 a
1061 3109 1298 3168 natura
1341 3106 1488 3169 sola
1542 3107 1723 3173 docti
1783 3115 1979 3191 atque
2027 3108 2325 3173 instituti.
2438 3110 2521 3174 In
2564 3130 2704 3196 qua

496 3208 690 3267 aetate
747 3219 899 3267 cum
939 3205 1261 3288 ‘populus
1337 3205 1679 3271 Romanus
1726 3214 1923 3288 esset,
1990 3209 2318 3292 ingenium
2370 3212 2587 3275 minus
2636 3212 2699 3277 ei

493 3304 785 3369 defuisse
827 3304 963 3369 dici
1007 3310 1245 3387 potest,
1292 3327 1494 3391 quam
1522 3310 1730 3374 otium
1767 3330 2109 3394 rerumque
2137 3310 2224 3374 ad
2253 3311 2460 3376 vitam
2506 3315 2705 3379 susti-

490 3404 766 3468 nendam
811 3403 1146 3469 affluentia
1214 3407 1528 3490 quaedam
1578 3415 1646 3474 et
1684 3417 1907 3475 certus
1951 3413 2320 3476 animorum
2350 3416 2701 3479 sermonis-

494 3524 624 3589 que
655 3508 897 3576 cultuS.
972 3509 1417 3595 Praeterlapso
1460 3511 1572 3576 illo
1603 3517 1893 3596 tempore
1937 3533 2071 3578 non
2117 3512 2467 3579 Musarum
2509 3515 2701 3580 sedes

1492 3726 1705 3777 No'rAE

559 3860 619 3907 1⁷
641 3857 808 3908 Recte
827 3860 1191 3924 Mon-gemtem
1208 3863 1301 3914 l.c.
1326 3878 1443 3929 pag.
1462 3869 1550 3915 80.
1632 3867 1854 3916 maxime
1875 3883 2003 3931 opus
2038 3876 2150 3919 erat
2179 3870 2442 3921 concinnis
2466 3872 2700 3922 versib-⁸

488 3947 636 3998 seqq.
680 3934 772 3983 hnc
810 3934 878 3984 de
919 3950 975 3984 re
1010 3936 1256 3999 judicat3
1292 3946 1348 3988 at
1398 3941 1551 4002 paulo
1631 3949 1688 3992 et
1720 3946 1941 4004 canoris,
1964 3947 2168 3994 nomi
2207 3949 2335 4008 dote,
2364 3961 2479 4009 qun
2504 3954 2698 4011 preter

487 4008 715 4058 severius
737 4025 787 4072 p.
810 4014 893 4059 47.
916 4010 968 4057 ιιι
992 4012 1128 4060 notis
1161 4013 1331 4062 addit:
1381 4015 1398 4041 ⁴
1427 4016 1551 4064 Per·
1631 4026 1867 4068 sanctum
1889 4026 2071 4083 pectus
2110 4021 2281 4083 poeta
2321 4028 2499 4085 posset
2534 4023 2696 4072 lecto-

483 4082 783 4150 sicquidem
807 4086 857 4134 ιιι
886 4086 1023 4135 tristi
1058 4086 1146 4137 illo
1181 4089 1477 4152 supercilio,
1495 4091 1551 4140 ιιι
1630 4105 1742 4142 rem
1784 4102 1983 4160 tenere,
2015 4103 2259 4145 carerent
2299 4096 2541 4161 po'e‘mntn
2580 4110 2694 4148 aus·

487 4159 731 4228 singulari
783 4162 874 4213 illa
926 4162 1172 4214 orationis
1210 4163 1551 4231 obscuritate,
1632 4169 1782 4220 tera:
