3050 4913
1106 368 1354 422 Pssnsu
1447 368 1612 419 SAT-
1658 365 1731 420 V.

330 517 609 578 Nimirum,
652 529 776 567 vera
832 514 1392 578 libertam-Libertate]

329 592 509 643 Animi
531 593 750 654 scilicet,
771 606 872 641 uon
890 592 1139 653 corporis.
1207 591 1268 641 Id
1293 599 1394 653 est,

330 670 400 719 ad
437 668 735 718 libertatem
769 668 940 728 bomo,
980 668 1020 716 si
1063 682 1211 715 verus
1245 669 1394 716 homo

327 760 406 806 ea,
429 743 666 807 adspires
688 742 1094 807 opertae—Non
1111 744 1220 807 hac]
1271 745 1392 794 Non

328 821 429 869 bac
461 819 691 880 corporis
713 817 978 877 libertate,
1002 833 1153 882 quam
1178 833 1272 881 per
1292 834 1393 867 ma-

328 896 690 945 numissionem
725 895 883 944 etiam
907 895 1147 944 vilissima
1172 911 1393 960 quaeque

329 973 591 1035 mancipia
612 972 1176 1035 consequuntur.—Ut]
1215 971 1278 1020 Id
1298 979 1393 1034 est,

330 1049 436 1110 ubi,
459 1049 540 1097 vel
583 1048 1003 1110 came-Quisque,
1035 1047 1143 1111 fisa]
1209 1048 1394 1096 Velina

330 1125 501 1173 tribus
545 1138 756 1173 numero
798 1124 1008 1172 aliarum
1049 1123 1272 1172 tribuum
1309 1138 1393 1172 ac·

332 1201 507 1259 cessit,
546 1208 600 1248 et
647 1199 733 1262 qui
773 1199 912 1247 circa
952 1199 1189 1248 Velinum
1225 1198 1392 1247 lacum

329 1275 653 1334 babitabant,
709 1275 922 1324 Romam
980 1275 1214 1323 translati
1257 1281 1393 1324 suut.

329 1354 509 1403 Romae
536 1361 707 1399 autem
725 1358 836 1399 erat
858 1350 1194 1411 cousuetudo,
1224 1357 1283 1399 ut
1304 1350 1392 1415 qui

327 1443 394 1478 ex
411 1427 805 1477 manumissione
829 1428 971 1476 cives
996 1428 1215 1476 Romani
1238 1426 1394 1477 effici·

327 1505 568 1566 ebantur,
593 1505 641 1552 in
665 1518 878 1552 numero
911 1503 1097 1551 civium
1140 1504 1392 1552 Romano·

327 1596 439 1630 rum
456 1579 771 1629 frumentum
787 1579 1047 1642 publicum
1066 1578 1388 1642 acciperent.

335 1660 442 1709 Vct.
471 1659 879 1720 Sem—Quique,
908 1660 1014 1722 mn]
1066 1659 1183 1708 Jam
1219 1656 1390 1707 factus

327 1735 566 1797 Publius,
606 1735 692 1799 qui
721 1736 833 1797 jam
870 1749 1182 1798 praenomen,
1204 1741 1388 1799 utpote

323 1810 480 1872 liber,
505 1811 724 1874 adeptus
769 1816 867 1859 est.
933 1812 1052 1861 Non
1099 1812 1196 1860 soli
1243 1811 1390 1860 liberi

323 1888 726 1951 praenominibus
763 1887 1060 1937 utebantur.
1131 1887 1280 1937 Servi
1301 1901 1389 1936 au-

322 1970 431 2013 tem
471 1978 585 2011 cum
626 1962 998 2024 liberabantur,
1041 1962 1279 2012 solebant
1313 1962 1388 2011 fa-

321 2038 478 2087 miliae
503 2053 799 2102 praenomen
834 2039 1092 2102 accipere,
1121 2045 1177 2088 et
1209 2052 1386 2088 conse-

321 2115 619 2184 quebantur
643 2114 743 2165 tria
760 2115 983 2175 nomina,
1001 2121 1060 2163 ut
1082 2113 1262 2178 reliqui
1288 2115 1389 2164 Ro·

320 2190 458 2239 mani
483 2190 651 2239 liberi.
686 2190 994 2239 Praenomeu
1020 2189 1153 2238 enim
1176 2187 1384 2239 familiae

321 2272 379 2316 et
402 2265 607 2328 patroni
631 2264 924 2328 capiebant,
947 2271 1002 2315 et
1026 2278 1171 2313 suum
1195 2265 1384 2314 retine·

319 2341 469 2402 bant,
495 2348 550 2390 et
585 2357 615 2390 a
653 2340 755 2390 fine
790 2341 942 2389 tribus
981 2353 1164 2389 nomen
1186 2341 1384 2390 solebat

319 2416 554 2482 adjungi,
578 2424 634 2465 ut
659 2416 722 2467 P.
743 2416 967 2466 Licinius
980 2416 1382 2468 Velina—Veli-

318 2494 407 2556 na]
440 2494 688 2544 solebant
710 2494 998 2543 manumissi
1020 2494 1072 2542 in
1093 2493 1255 2543 tribus
1279 2494 1382 2543 dis·

321 2570 502 2630 tribui,
527 2578 582 2619 ut
602 2571 654 2618 in
678 2571 1033 2633 Tarentinam,
1052 2570 1378 2620 Stellatinam

317 2646 552 2708 Fabiam,
613 2646 870 2708 Veliuam‚
928 2654 982 2695 et
1024 2646 1167 2696 alias.
1251 2647 1382 2697 Erat

316 2729 492 2773 autem
515 2723 626 2772 lnaec
651 2723 829 2784 tribus,
864 2722 947 2772 vel
979 2721 1122 2771 circa
1140 2722 1382 2772 Velinum

317 2800 510 2860 lacum,
548 2806 639 2849 aut
671 2798 875 2848 Velium
911 2799 1115 2848 collem.
1163 2800 1275 2854 ‚Est
1297 2813 1384 2848 au-

317 2883 428 2926 tem
458 2874 728 2926 auferendi
765 2890 931 2938 casus,
957 2874 1010 2924 id
1041 2882 1140 2938 est,
1162 2875 1214 2924 iu
1238 2875 1378 2925 tribu

314 2952 520 3003 Velina.
557 2952 733 3002 Latin.

381 3032 446 3077 74
483 3029 724 3092 Emeruit]
757 3027 973 3090 Meruit,
993 3034 1174 3078 nactus
1195 3035 1294 3091 est,
1314 3028 1378 3077 si·

314 3104 423 3154 mul
467 3117 528 3152 ac
566 3106 872 3154 servitutem
899 3105 1064 3165 exuit,
1103 3110 1159 3153 et
1201 3118 1379 3155 servus

313 3193 432 3229 esse
466 3179 1008 3243 ‹neuin—Scamnum]
1057 3179 1195 3242 Vile,
1229 3193 1379 3242 aspe-

315 3270 451 3319 rum,
471 3257 554 3305 vel
575 3255 733 3305 etiam
765 3262 1082 3320 corruptum,
1100 3256 1271 3320 qualia
1291 3257 1380 3306 illa

312 3329 571 3382 frumenta
589 3331 811 3395 publica.
880 3332 1093 3382 Solebat
1115 3339 1284 3382 autem
1309 3334 1380 3383 ci·

311 3406 463 3457 vibus
501 3408 649 3457 Rom.
684 3405 994 3457 frumentum
1038 3408 1244 3472 publice
1286 3423 1381 3472 per

313 3489 565 3532 tesseram
589 3483 717 3541 dari,
735 3490 790 3534 et
806 3484 1013 3548 quidem
1029 3485 1191 3547 gratis
1207 3485 1259 3533 in
1276 3486 1378 3534 sin-

314 3558 461 3623 gulos
484 3558 699 3622 modios,
721 3559 894 3609 Publii
918 3559 1087 3610 Clodii
1112 3559 1377 3611 beneficio.

311 3634 649 3697 ——TmendaJ
699 3635 856 3699 Signo
885 3633 1240 3696 frumentario,
1274 3651 1376 3700 quo

311 3709 543 3760 exhibito
565 3708 880 3760 frumentum
904 3724 936 3759 a
954 3712 1191 3775 principe
1213 3711 1374 3761 daba-

312 3790 416 3835 tur.
446 3784 618 3835 lubin.

377 3866 442 3911 76
469 3862 602 3924 Heu,
622 3863 729 3926 ξω]
764 3862 827 3912 Id
847 3869 948 3925 est,
967 3862 1086 3913 Heu
1107 3863 1248 3913 cives
1269 3863 1373 3914 Ro·

310 3950 511 3997 manos,
528 3938 763 3987 veritatis
783 3940 990 3988 steriles
1019 3944 1075 3988 et
1092 3939 1287 4001 inanes,
1310 3954 1373 3989 ac

310 4029 344 4064 a
362 4028 485 4063 vero
500 4020 558 4063 et
585 4022 732 4064 recto
754 4015 1376 4079 alienissimum—Quibus,

306 4091 417 4155 ξω]
474 4093 620 4143 Quos
643 4093 1098 4157 manumittebant,
1115 4108 1202 4143 eos
1223 4094 1376 4158 alapa

307 4182 584 4233 percussos
620 4169 1059 4233 circumagebant,
1092 4176 1146 4219 et
1184 4170 1375 4220 liberos

306 4242 699 4297 confirmabant.
752 4244 906 4295 Unde
929 4245 1250 4297 manumissio
1268 4247 1376 4298 dic·

2399 347 2534 418 268

1471 519 1545 576 ta,
1563 510 1699 577 quod
1721 523 1872 559 manu
1895 510 2206 559 mitteretur.
2271 505 2532 561 Quiritem

1471 595 1642 639 autem
1681 586 2010 650 singulariter
2039 585 2249 634 abusive
2290 583 2440 644 dixit,
2473 584 2533 632 li-

1470 666 1643 714 centia
1703 663 1935 712 Poetica.
2028 662 2160 711 Nam
2203 661 2341 709 sicut
2379 665 2531 721 pater

1469 741 1794 804 conscriptus
1818 754 1917 788 nou
1943 739 2153 798 dicitur,
2190 738 2263 786 ita
2286 750 2382 785 uec
2405 735 2532 788 Qui-

1470 816 1619 865 ritem
1655 814 1827 864 dicere
1865 830 2141 877 possumus.
2207 813 2312 862 Vct.
2348 811 2525 860 Sele.—

1471 893 1653 948 Qaibus
1669 892 1784 954 aua]
1813 895 1978 949 Ratio,
1995 909 2109 942 cum
2134 890 2367 941 veritatis
2386 891 2527 952 igna-

1469 969 1512 1019 ri
1534 970 1654 1019 sint.
1705 969 1766 1018 Id
1797 978 1896 1026 est,
1916 970 2115 1020 Quibus
2142 970 2224 1019 vel
2251 982 2350 1017 una
2373 967 2530 1018 verti·

1469 1046 1589 1109 gine
1625 1045 1877 1109 pessimus
1915 1046 2134 1110 quisque
2168 1046 2531 1106 circumactus,

1469 1129 1525 1171 et
1565 1121 1618 1169 iu
1658 1135 1839 1184 gyrum
1876 1121 2079 1183 ductus,
2111 1120 2287 1172 Quiris
2318 1126 2376 1169 et
2404 1118 2532 1168 civis

1469 1198 1752 1256 Romanus,
1776 1196 2025 1245 redditur.
2058 1195 2232 1244 Lubin.

1532 1276 1598 1321 76
1639 1272 1856 1334 Ver-ligo]
1887 1272 2036 1321 Inter
2057 1272 2183 1321 alios
2202 1271 2529 1321 manumisso-

1468 1364 1581 1398 rum
1608 1349 1756 1409 ritus‚
1779 1348 1896 1412 fuit,
1928 1364 2043 1413 quae
2078 1349 2159 1398 bic
2188 1348 2373 1409 vertigo
2407 1346 2530 1396 dici-

1466 1431 1572 1487 tur,
1595 1426 1794 1476 Graecis
1818 1423 2097 1488 περιδίνησις
2130 1431 2184 1473 et
2204 1422 2526 1487 περιστροφής

1466 1516 1584 1550 cum
1619 1504 2055 1552 manumittendus
2093 1503 2277 1552 dextra
2312 1501 2529 1565 preben-

1465 1593 1570 1641 sus,
1610 1594 1640 1626 a
1673 1578 1876 1628 domino
1919 1579 1970 1628 iu
2011 1578 2188 1628 orbem
2226 1577 2522 1627 rotabatur:

1464 1654 1587 1705 iude
1624 1656 1899 1717 circumagi,
1934 1671 2030 1720 pro
2053 1655 2271 1705 liberari.
2322 1654 2525 1706 Casanb.

1462 1733 1651 1797 ——Ht’c,
1669 1734 1771 1796 ξω]
1804 1733 1993 1782 Sensus
2016 1741 2127 1782 est:
2163 1733 2217 1780 Si
2240 1732 2353 1780 haec
2377 1730 2529 1780 liber·

1463 1815 1545 1859 tas
1584 1823 1708 1858 vera
1740 1815 1839 1870 eat,
1862 1809 1983 1874 quid
2022 1808 2193 1858 obstat
2228 1823 2329 1872 quo
2356 1807 2525 1856 miuus

1462 1884 1622 1932 etiam
1659 1884 1902 1934 vilissima
1943 1898 2160 1948 qnaeque
2188 1882 2446 1946 mancipia
2468 1881 2528 1931 li-

1461 1958 1586 2007 bera
1608 1958 1729 2010 sint.
1797 1959 2002 2009 Etenim
2039 1958 2121 2008 bic
2159 1959 2328 2007 Dama
2349 1956 2529 2006 vilissi-

1462 2048 1576 2083 mus
1600 2041 1679 2084 est
1702 2049 1876 2099 agaso,
1909 2035 2149 2097 insulsus,
2184 2033 2437 2097 stupidus,
2471 2040 2528 2084 et

1460 2111 1715 2160 mendax:
1769 2112 1919 2161 simul
1958 2112 2192 2162 dominus
2222 2126 2339 2161 eum
2362 2111 2414 2160 iu
2437 2127 2528 2176 gy·

1459 2200 1573 2235 rum
1609 2186 2045 2253 circumverterit,
2081 2193 2137 2237 et
2168 2187 2527 2238 circumduxe-

1458 2262 1549 2325 rit,
1570 2277 1599 2312 a
1623 2263 1844 2329 vestigio
1889 2265 1941 2313 in
1980 2265 2093 2328 ipso
2130 2264 2373 2328 temporis
2403 2265 2530 2314 arti·

1459 2338 1575 2388 culo
1608 2339 1741 2388 liber
1775 2339 2151 2402 exit.-—-Dama]
2196 2340 2302 2388 Pro
2344 2340 2526 2403 quovis

1457 2414 1706 2465 vilissimo
1728 2418 2097 2479 servm—Nou,
2117 2416 2223 2480 ξω]
2261 2417 2345 2467 Ne
2370 2418 2525 2467 trium

1456 2490 1665 2554 quidem
1688 2491 1875 2541 assium
1917 2492 2263 2554 aestimandus,
2295 2493 2430 2557 vilia,
2448 2494 2525 2542 ui-

1454 2567 1810 2631 hut—Agm]
1860 2569 1954 2618 Est
1987 2582 2231 2633 equorum
2257 2569 2335 2617 vel
2355 2569 2521 2620 asino-

1456 2659 1569 2694 rum
1592 2645 1836 2708 agitator.
1869 2644 2043 2695 Lubia-

1519 2725 1582 2770 77
1626 2722 1811 2787 Vappa]
1857 2722 2076 2786 Proprie
2101 2720 2239 2787 quod
2262 2735 2428 2794 neque
2452 2722 2524 2770 vi·

1455 2813 1598 2861 num,
1637 2812 1806 2865 neque
1842 2806 2047 2849 acetum
2084 2805 2179 2850 est.
2246 2799 2365 2847 Hoc
2408 2799 2522 2848 loco

1457 2890 1551 2940 pro
1570 2876 1763 2927 insulso
1782 2885 1838 2928 et
1861 2878 2081 2943 insipido
2098 2877 2353 2929 nebulone
2377 2875 2523 2939 poui-

1454 2956 1717 3017 tur.-—-Et,
1736 2957 1841 3019 θα]
1891 2956 2172 3020 conjungit
2188 2955 2316 3004 vitia
2337 2967 2517 3016 corpo·

1455 3029 1540 3091 ris,
1557 3029 1696 3080 vitiis
1723 3031 1896 3094 animi,
1929 3038 1989 3081 ut
2011 3033 2178 3095 ipsum
2202 3030 2433 3093 minoris,
2462 3037 2521 3080 et

1452 3105 1677 3171 denique
1700 3108 1844 3156 nihili
1879 3108 2140 3158 ostendat.
2216 3108 2312 3156 Est
2336 3112 2508 3155 autem

1452 3182 1607 3246 lippus
1643 3184 1729 3232 cui
1773 3184 1912 3233 oculi
1971 3182 2153 3235 fluunt.
2240 3182 2516 3233 Turnebus

1456 3269 1610 3307 xxvr.
1636 3263 1716 3307 1⁴.
1757 3273 1852 3322 pro
1891 3258 2288 3322 improba—Ia,
2314 3258 2422 3321 ξω]
2455 3257 2519 3306 In

1452 3347 1508 3383 re
1548 3333 1810 3396 vilissima,
1849 3350 1909 3384 ac
1949 3335 2134 3385 nullius
2176 3334 2357 3399 precii.
2426 3333 2521 3384 Est

1451 3410 1662 3473 proprie
1691 3410 1918 3473 farrago,
1941 3411 2332 3475 quadrupedum
2358 3409 2520 3472 pabu-

1451 3484 1881 3549 lum-Mendax]
1932 3487 2332 3547 Fraudulentus,
2368 3485 2519 3549 perti-

1450 3560 1565 3624 dus,
1588 3562 1676 3626 qui
1704 3563 2062 3626 jumentorum
2099 3562 2304 3611 cibariis
2338 3576 2394 3611 se
2416 3576 2519 3612 nou

1451 3644 1729 3703 temperet.
1762 3639 1942 3689 labia.

1509 3718 1575 3763 78
1617 3714 1957 3778 Ver-teriam]
1988 3714 2332 3778 subintellige
2349 3715 2513 3778 sima,

1446 3789 1532 3838 vel
1572 3789 1653 3839 ubi
1683 3789 1734 3838 iu
1769 3805 1948 3854 gyrum
1986 3791 2185 3841 verterit
2218 3798 2275 3839 et
2297 3790 2514 3840 circum-

1444 3866 1863 3930 egerit.—Haac,
1894 3867 2001 3930 ξω]
2062 3869 2297 3927 Damam,
2321 3868 2517 3917 manci·

1447 3943 1588 4007 pium
1632 3942 2344 4007 nequissimum.—Momeato‚
2401 3942 2511 4005 εμπ]

1447 4020 1652 4069 Puncto
1675 4019 1762 4069 illo
1798 4020 2067 4084 temporis,
2102 4036 2202 4086 quo
2226 4020 2376 4070 turbo
2403 4020 2513 4079 ille,

1446 4097 1531 4147 vel
1575 4112 1749 4162 gyrus,
1792 4103 1848 4146 et
1886 4097 2215 4155 circumactio
2256 4095 2336 4157 fit,
2379 4094 2516 4143 liber

1447 4172 1642 4224 evadit.
1677 4174 1828 4223 Idem.

1513 4252 1581 4300 79
1601 4250 1796 4301 Mamas
1809 4248 1992 4316 Dana]
2026 4244 2354 4300 Manumissis
2370 4242 2511 4303 enim,
