3050 4913
1134 396 1379 446 Pssnsu

312 545 386 588 ·et
426 538 589 602 nihili,
628 539 725 588 nisi
764 552 895 587 vana
926 544 1016 586 tua
1038 537 1274 599 scientia,
1296 550 1395 600 qua

308 622 391 663 «ιιι
428 622 671 679 tauquam
703 613 960 665 fermento
984 622 1179 678 turges,
1203 621 1258 663 et
1279 628 1395 677 qum

336 701 581 757 tanquam
637 690 910 755 caprificus
959 691 1188 754 prodire,
1240 704 1396 754 seque

310 767 567 817 -omnibns
585 775 848 819 ostentare
873 769 1048 831 gestit,
1067 767 1131 817 ab
1149 768 1261 817 aliis
1278 782 1396 829 cog·

309 844 796 906 .noscatur.—Nisi,
815 843 923 906 esa]
992 844 1096 892 Per
1107 843 1399 902 fermentum

312 921 624 982 =Allegorice
647 921 895 983 iutelligit
913 934 1094 969 vanam
1112 920 1395 970 doctrinam

309 1005 385 1045 -ot
408 998 677 1047 scientiam
702 998 751 1045 in
770 1011 904 1046 vano
929 1012 1052 1046 seue
1076 997 1262 1058 Poeta,
1282 1011 1397 1059 pos·

330 1088 579 1123 sessorem
597 1088 743 1122 suum
761 1070 1026 1121 inflantem
1043 1080 1097 1120 et
1118 1072 1396 1135 turgidum,

330 1149 714 1213 superbumque
763 1146 1083 1197 reddentem.
1155 1147 1398 1196 Labici.—

334 1224 578 1288 Nisam]
612 1224 752 1277 Quia
768 1232 824 1272 ut
839 1221 1148 1272 fermentum
1168 1224 1217 1272 iu
1232 1237 1395 1273 massa

330 1302 585 1349 contineri
619 1315 722 1348 non
757 1308 949 1363 potest,
989 1301 1111 1364 quin
1134 1301 1226 1350 det
1247 1302 1397 1364 signi·

330 1375 624 1427 ficationem
670 1377 766 1438 sui,
816 1391 1033 1441 eamque
1076 1376 1398 1439 fervefaeiat,

327 1454 553 1514 attollat,
584 1468 645 1503 ac
673 1455 879 1503 tandem
902 1461 1132 1516 rumpat:
1170 1453 1292 1503 item
1317 1470 1396 1502 ca-

329 1532 542 1595 prificus
562 1532 613 1580 in
630 1547 866 1582 saxorum
885 1534 1227 1582 commissuris
1240 1541 1397 1583 enata

327 1610 565 1672 impediri
607 1612 806 1675 nequit,
841 1625 942 1674 quo
967 1610 1133 1660 minus
1152 1626 1272 1660 saxa
1295 1611 1396 1660 dis-

308 1687 506 1736 ··'iciat:
563 1689 639 1736 ita
672 1688 893 1736 eruditio
934 1689 983 1735 in
1017 1690 1188 1737 animo
1214 1688 1315 1738 levi
1340 1695 1396 1738 et

306 1763 531 1815 ‚inanem
556 1765 795 1827 gloriam
852 1764 1113 1813 ambiente
1162 1764 1396 1813 habitare

329 1853 433 1888 non
455 1848 648 1903 potest,
682 1840 803 1904 quin
827 1848 885 1888 ut
911 1838 1218 1888 fermentum
1245 1842 1397 1890 attol-

305 1918 401 1967 .lat
422 1918 566 1967 illum
585 1926 740 1983 atque
761 1915 925 1978 inflet,
949 1925 1004 1967 et
1028 1925 1085 1966 nt
1102 1918 1396 1981 caprificus,

325 1993 464 2043 foras
501 1994 726 2057 prodire,
763 2005 817 2043 et
856 1995 1064 2058 agnosci
1098 1994 1397 2059 laudarique

325 2070 392 2120 ab
405 2072 642 2120 omnibns
658 2071 987 2134 cupiat.--Et
1001 2069 1237 2134 quemn]
1276 2072 1317 2119 Ν
1328 2086 1394 2119 on

324 2147 572 2210 displicet
609 2148 775 2196 simul:
825 2162 941 2196 nam
981 2163 1099 2196 curn
1138 2146 1393 2208 doctrina,

324 2223 474 2272 simul
497 2223 829 2286 ingeneratur
851 2239 910 2271 ac
935 2224 1121 2272 crescit
1145 2223 1196 2271 in
1220 2223 1393 2271 horum

326 2300 508 2349 animis
551 2301 728 2364 gloria:
776 2300 1023 2350 titillatio.
1081 2300 1394 2352 Cnsaubomas.

323 2378 534 2438 —Quoe,
570 2376 677 2440 esa]
763 2376 825 2425 Id
866 2384 964 2439 est,
1027 2378 1157 2428 Quae
1198 2376 1393 2425 inutilis

302 2464 380 2505 -et
425 2455 616 2505 sterilis
672 2453 908 2504 doctrina
944 2463 1182 2519 tauquam
1227 2454 1393 2519 capri-

308 2530 473 2580 ·ticus.
540 2531 726 2580 Altera
769 2531 1051 2595 Allegoria.
1138 2531 1212 2580 Ut
1256 2531 1392 2579 enim

327 2607 601 2671 cap-incus
649 2607 841 2656 sterilis
884 2614 981 2669 est,
1036 2611 1090 2656 et
1137 2621 1393 2671 nunquam

323 2693 552 2735 maturos
595 2684 798 2734 fructus
838 2684 1098 2747 producit,
1144 2694 1204 2732 ut.
1237 2685 1392 2732 etiam

326 2763 467 2811 saxis
485 2770 541 2811 et
561 2761 716 2810 muris
740 2761 791 2808 in
809 2759 996 2824 quibus
1015 2759 1175 2808 semel
1197 2758 1395 2808 radices

325 2837 460 2897 fixit,
499 2837 758 2886 contineri
797 2851 899 2886 non
926 2842 1119 2900 potest,
1143 2835 1264 2900 quin
1287 2849 1394 2885 mu-

326 2928 430 2975 ros,
460 2928 582 2963 saxa
604 2919 661 2963 et
685 2919 1011 2962 monumenta
1036 2926 1393 2975 perrumpens,

324 2991 531 3052 frangat
549 2998 604 3039 et
626 2990 763 3039 foras
783 2989 1102 3053 promineat:
1140 2988 1217 3037 ita
1234 2988 1391 3037 etiam

326 3082 461 3117 vana
495 3068 769 3117 stultorum
808 3065 1026 3115 scientia
1059 3072 1139 3114 est
1180 3065 1394 3122 inutilis,

324 3158 423 3193 nec
448 3143 680 3193 cohiberi
705 3148 899 3206 potest,
922 3142 1046 3206 quin
1071 3150 1391 3206 prorumpat,

324 3230 381 3271 et
405 3235 460 3270 se
481 3221 593 3269 aliis
625 3226 873 3269 ostentet.

387 3301 449 3346 2⁶
487 3295 709 3358 Exin-ie]
768 3295 1102 3358 Proruperit,
1121 3295 1392 3358 prodierit,

321 3374 588 3436 divulgata
625 3371 778 3422 tiu-rit
819 3386 949 3420 vana
973 3378 1064 3421 tua
1087 3372 1392 3422 scientia.—

319 3451 509 3514 Jeoore]
583 3449 670 3498 Ita
708 3448 863 3509 dixit,
903 3448 1043 3513 quod
1067 3448 1118 3496 in
1144 3462 1206 3496 eo
1230 3447 1388 3497 etiam

320 3541 501 3575 sensus
533 3533 589 3575 et
629 3523 866 3574 adfectus
907 3525 1062 3573 animi
1105 3523 1390 3574 collocatos

322 3617 437 3652 esse
482 3601 773 3651 crederent.
862 3601 1042 3650 Utitur
1086 3607 1262 3650 autem
1306 3601 1389 3651 liic

320 3688 505 3729 auctor
549 3677 844 3728 durioribus
888 3676 1188 3740 Allegoriis,
1234 3677 1389 3727 deco·

323 3771 435 3805 rum
479 3755 781 3815 observans,
820 3760 878 3801 ut
923 3753 1198 3803 absurdam
1250 3754 1389 3802 illam

322 3847 499 3882 senum
523 3831 790 3880 levitatem
816 3837 871 3878 et
895 3829 1191 3890 vanitatem,
1224 3831 1310 3895 qui
1335 3831 1389 3879 in

321 3906 632 3958 carminibus
670 3907 774 3954 suis
814 3905 890 3954 ita
923 3905 1290 3969 loquebantur,
1324 3921 1386 3955 eo

320 3984 485 4047 magis
507 3983 575 4031 ob
593 3981 768 4031 oculos
788 3989 1021 4042 poneret.
1056 3980 1225 4030 labin.
1274 3982 1388 4045 Vel,

325 4061 554 4120 ejecere,
575 4058 626 4106 id
652 4065 749 4120 est,
787 4058 832 4105 E
859 4057 981 4105 sede
1004 4057 1234 4106 scientiae
1270 4073 1386 4121 pro·

319 4137 477 4187 ‹lierit
520 4134 729 4184 tandem
774 4133 826 4180 in
868 4134 1089 4183 aliorum
1127 4149 1293 4196 usum,
1332 4135 1384 4183 in

318 4227 483 4264 meam
532 4209 1120 4275 laudem?—Cnpr{ficus]
1188 4211 1383 4261 Gloriae

319 4288 596 4357 cupiditas.
660 4285 867 4358 Fannii.

2410 381 2538 446 201

1536 538 1602 583 26
1637 536 1713 583 Ea
1747 535 1921 598 pallor,
1951 534 2055 598 ξω]
2133 533 2263 584 Cum
2308 533 2540 599 indigna·

1472 611 1614 661 tione
1633 611 1914 674 conjuncta
1924 611 2263 675 Exclamatio,
2278 612 2424 676 qnasi
2444 627 2542 677 per

1474 688 1991 738 commiserationem.
2059 688 2284 752 Ergone,
2302 689 2393 749 ait,
2410 690 2461 738 in
2481 704 2544 738 ea

1474 771 1711 828 tempora
1746 763 2069 827 devenimus,
2102 770 2161 813 ut
2182 778 2283 815 non
2309 766 2361 814 in
2386 766 2541 815 alium

1473 839 1626 889 finem
1671 841 1835 890 literis
1879 840 2165 905 insudetur,
2199 856 2349 907 quam
2374 843 2437 892 ad
2463 858 2541 892 os-

1476 917 1816 966 tentationem
1840 916 2064 980 ingenii?
2109 918 2312 967 Cnsaub.
2379 920 2543 972 Quasi

1474 992 1643 1043 dicat:
1678 993 1815 1042 Vide
1838 1008 2033 1059 quaeso,
2069 1008 2101 1043 o
2133 994 2324 1057 Poeta,
2346 1006 2541 1060 quanta

1475 1075 1564 1117 tua
1587 1068 1655 1117 sit
1674 1069 1909 1118 vanitas?
1956 1070 2089 1121 Quae
2112 1069 2248 1119 enim
2269 1075 2324 1119 et
2347 1080 2542 1135 quanta

1476 1153 1565 1193 tua
1606 1151 1687 1194 est
1732 1152 1878 1207 κιαι,
1929 1146 2084 1210 quale
2130 1146 2329 1196 senium
2375 1155 2540 1213 tuum,

1473 1231 1698 1287 quantus
1753 1224 1952 1286 pallor?
2041 1224 2292 1274 Haeccine
2346 1226 2542 1277 lasciva

1474 1307 1531 1349 et
1564 1300 1818 1363 juvenilia
1859 1316 1890 1348 a
1925 1308 1980 1349 te
2009 1307 2156 1350 tanto
2178 1315 2300 1351 sene
2323 1302 2539 1352 fieri?-

1477 1375 1658 1437 Pallor,
1680 1375 1783 1439 ξω]
1830 1377 1987 1427 Forte
2025 1375 2077 1425 ἓν
2109 1377 2185 1426 διὰ
2225 1379 2367 1426 δυοῖν.
2437 1381 2538 1442 En,

1475 1467 1627 1517 quam
1652 1452 1875 1515 pallidus
1897 1467 2055 1503 senex
2082 1460 2136 1503 tu
2165 1454 2260 1503 sis!
2315 1455 2537 1504 Pallon-is

1474 1529 1626 1592 hujus
1667 1528 1795 1577 duas
1835 1544 2017 1579 causas
2056 1529 2209 1582 affert
2249 1531 2430 1582 Philo:
2466 1534 2539 1582 la-

1476 1605 1616 1653 boris
1652 1606 2019 1669 assiduitatem,
2042 1615 2098 1659 et
2119 1622 2265 1671 spem
2289 1609 2537 1659 incertam

1470 1680 1626 1731 finem
1649 1690 1884 1745 optatum
1910 1685 2275 1748 consequendi.
2335 1685 2537 1735 Canub-

1469 1761 1588 1806 -0
1607 1761 1778 1824 mores]
1844 1761 2169 1811 Exclamatio
2196 1778 2260 1810 ex
2287 1763 2364 1811 ira
2386 1772 2439 1813 et
2464 1764 2538 1812 iu-

1472 1834 1768 1898 dignatione
1813 1836 2069 1900 profecta.
2158 1839 2319 1891 Quasi
2360 1839 2500 1889 dicat
2522 1857 2537 1900 ς

1474 1912 1521 1961 Ο
1548 1927 1713 1961 mores
1736 1928 1904 1977 neque
1930 1915 2190 1978 antiquos,
2212 1930 2382 1979 neque
2421 1930 2539 1981 pro·

1475 1988 1590 2049 bos,
1614 1989 1702 2037 sed
1728 1989 1976 2053 perditos,
1998 1991 2312 2054 deploratos.
2362 1991 2537 2042 Lubia.

1472 2065 1717 2128 —Usque,
1731 2068 1838 2130 lfa]
1882 2066 2014 2115 Haec
2031 2068 2269 2132 periodus
2285 2069 2419 2132 apud
2440 2069 2537 2118 Ln-

1474 2142 1671 2190 cillium
1715 2144 1881 2206 posita
1912 2153 1993 2193 est
2016 2144 2044 2173 ’
2070 2153 2127 2196 ιιι
2151 2160 2233 2195 me
2255 2147 2389 2196 seire
2423 2151 2537 2199 volo

1473 2218 1543 2267 mi
1568 2219 1802 2269 conscius
1824 2235 1956 2283 sum,
1981 2236 2045 2270 ne
2069 2223 2309 2273 damnum
2333 2225 2540 2279 fariam.

1472 2295 1618 2345 Scire
1642 2296 1739 2345 hoe
1760 2312 1815 2346 se
1834 2300 2029 2348 nescit:
2066 2300 2163 2349 nisi
2181 2302 2306 2351 alios
2331 2302 2382 2351 id
2405 2302 2537 2352 scire

1472 2372 1671 2421 scierit.
1738 2374 1840 2423 Vet.
1874 2374 2227 2440 Sela—Usque,
2263 2378 2366 2441 εἷα]
2419 2377 2538 2429 Alio

1472 396 1635 446 SAT.
1685 396 1734 444 1.

1473 2455 1777 2513 argumento
1824 2467 1888 2500 ex
1928 2450 2272 2502 Dissimilibus
2305 2453 2437 2504 banc.
2460 2471 2539 2504 se-

1470 2538 1592 2573 num
1637 2526 1916 2577 vanitatem
1971 2529 2293 2592 perstringit.
2381 2530 2537 2581 Quod

1471 2602 1705 2666 quamvis
1744 2613 1921 2654 nostra
1957 2606 2175 2656 scientia
2207 2616 2262 2656 et
2295 2609 2536 2659 doctrina

1470 2679 1583 2728 aliis
1618 2695 1720 2730 non
1756 2681 2063 2743 innotescat,
2100 2682 2294 2733 idcirco
2329 2685 2416 2733 illa
2439 2700 2535 2748 pro

1470 2755 1629 2805 nihilo
1678 2764 1849 2806 tamen
1895 2757 2136 2808 habenda
2191 2761 2277 2809 sit.
2377 2762 2533 2813 Quasi

1469 2832 1644 2882 dicat:
1682 2835 1890 2898 Ergone
1917 2841 2005 2885 tua
2025 2836 2244 2885 scientia
2266 2851 2415 2894 vana,
2434 2839 2536 2887 imo

1469 2911 1610 2958 nulla
1636 2911 1732 2959 tibi
1755 2926 1868 2960 esse
1889 2912 2116 2975 videtur,
2141 2914 2239 2963 nisi
2264 2914 2376 2964 aliis
2398 2915 2536 2965 illam

1469 2987 1755 3036 carminum
1796 2995 2001 3038 tuorum
2036 2990 2342 3040 recitatione
2364 2998 2536 3040 osten-

1469 3070 1568 3124 tes,
1612 3063 1803 3127 aliique
1848 3072 1902 3114 te
1943 3065 2031 3112 illa
2089 3065 2365 3127 praeditum
2423 3080 2535 3116 esse

1468 3139 1659 3188 sciant:
1695 3151 1748 3188 et
1774 3147 2050 3204 propterea
2072 3141 2286 3192 landent
2304 3149 2359 3191 et
2381 3144 2535 3192 attol-

1467 3214 1578 3263 lant
1590 3214 1831 3278 ?—Scire]
1886 3216 2219 3280 Graecismus,
2241 3217 2293 3267 id
2314 3225 2414 3279 est,
2438 3219 2534 3267 sci-

1467 3291 1626 3338 entia.
1694 3292 1762 3340 Et
1797 3299 1878 3341 est
1912 3293 2423 3354 Epanodos.—Ni1u'l
2440 3295 2535 3357 est]

1470 3365 1611 3415 Nihil
1627 3367 1804 3429 juvat,
1839 3368 1967 3416 nibil
1993 3371 2145 3420 valet.
2180 3370 2354 3420 Labin.

1533 3448 1598 3492 28
1630 3446 1720 3505 At,
1740 3444 1846 3507 Isca]
1905 3446 2006 3494 Hic
2031 3447 2304 3511 requiritur
2321 3446 2535 3496 historia

1466 3521 1853 3584 Demosthenis,
1892 3523 1977 3587 qui
2021 3537 2136 3572 cum
2178 3522 2439 3584 transiret,
2478 3532 2534 3574 et

1467 3612 1498 3644 a
1539 3598 1857 3647 mercenario
1891 3598 2116 3647 tabernae
2136 3599 2297 3662 digito
2320 3598 2533 3648 demon-

1466 3681 1741 3736 straretur,
1781 3673 1949 3723 fertur
1986 3675 2192 3724 laetatus
2232 3689 2361 3736 esse,
2394 3676 2534 3739 quod

1467 3749 1532 3797 ab
1552 3749 1864 3811 ignobilibus
1884 3749 2119 3799 sciretur.
2185 3751 2255 3799 Et
2282 3750 2532 3801 Horatius

1465 3824 1599 3872 libro
1638 3833 1823 3888 quarto
1867 3825 2160 3876 carminum
2205 3825 2280 3874 sic
2318 3827 2526 3889 posuit:

1464 3901 1686 3949 ιΤοιιιιιι
1727 3899 1950 3949 muneris
1991 3901 2087 3950 hoe
2133 3901 2207 3950 tui
2240 3910 2338 3963 est,
2378 3905 2532 3954 Quod

1465 3983 1721 4025 monstror
1738 3976 1900 4040 digito
1924 3979 2382 4040 praetereuntium.'
2424 3981 2529 4030 Vel.

1466 4058 1846 4121 Sch.-At,&c.]
1878 4056 2088 4108 Acerba
2105 4058 2279 4108 lrouia
2301 4061 2529 4110 auctoris

1463 4136 1646 4196 nostri,
1666 4150 1769 4198 qua
1791 4134 1973 4184 irridet
1993 4149 2148 4183 vanos
2164 4135 2329 4183 inanis
2348 4136 2527 4198 gloriae

1463 4218 1779 4273 captatores.
1846 4211 2006 4265 Quasi
2053 4210 2222 4261 dieat:
2276 4209 2526 4262 Attamen

1461 4290 1618 4342 etiam
1657 4303 1689 4340 a
1724 4290 1879 4352 vulgo
1922 4288 2177 4352 cognosci,
2197 4286 2363 4350 digito
2384 4301 2527 4340 mon-
