3050 4913
450 339 595 405 lxiv

521 491 704 557 Hippo
728 491 866 543 subit
878 492 1100 555 juvenes
1123 490 1257 553 ἰὶ,50

517 558 810 621 Hippolyto
848 571 1006 619 grave
1044 555 1367 619 propositum
1390 553 1517 618 quid

451 620 649 687 profuit
672 636 724 683 x,
745 624 839 669 325
865 635 980 684 sqq.

425 729 430 732 ,
517 685 872 749 Hippomanes
886 697 1194 746 carmenque
1207 683 1390 747 loquar
1401 697 1519 731 coc·

454 758 667 812 tumque
691 763 943 797 venenum
969 749 1039 809 vi,
1065 751 1177 809 133,
1208 751 1324 808 616,
1355 751 1454 795 626

518 814 587 863 Hi
630 827 811 877 ponam
828 813 977 875 jurat
994 812 1151 860 solam
1176 817 1230 859 et
1248 810 1410 860 facies
1428 809 1520 860 oli-

453 878 519 928 da
543 829 890 940 acfpraesepia
913 876 1081 940 pictas
1106 875 1212 937 viii,
1229 879 1322 924 157

519 941 730 1005 Hirpini
753 941 871 1004 equi
895 940 1000 1003 viii,
1019 944 1083 988 63
1347 995 1350 999 .

519 1006 706 1055 Hirrus
751 1011 881 1069 quot
924 1001 1391 1066 circumscripserit
1425 1016 1519 1065 pu-

452 1069 603 1134 pillos
629 1084 685 1130 x,
706 1073 803 1117 222

519 1135 739 1183 Hirsuto
777 1133 909 1182 collo
950 1131 1151 1196 spirant
1186 1131 1520 1194 opobalsama

453 1198 510 1261 ii,
534 1203 594 1248 41
665 1197 863 1246 hirsuta
885 1198 1086 1260 capella
1109 1212 1159 1259 v,
1181 1200 1275 1245 155

521 1261 824 1312 Hirundinis
841 1277 938 1310 ceu
957 1262 1129 1325 pullus
1150 1260 1275 1322 hiat,
1287 1259 1352 1309 ad
1369 1274 1521 1324 quem

452 1341 541 1375 ore
564 1327 707 1375 volat
732 1326 885 1389 pleno
905 1325 1090 1388 jejuna
1110 1331 1277 1374 mater
1299 1339 1350 1383 x,
1373 1328 1465 1372 231

520 1391 740 1439 Hiscere
768 1390 811 1437 si
845 1390 969 1454 qnid
993 1403 1214 1453 unquam
1241 1387 1520 1438 tentaveris

452 1470 485 1502 v
530 1458 622 1503 127

488 1490 505 1518 ’
523 1517 781 1582 Hispania
801 1517 1009 1567 additur
1041 1516 1271 1581 imperiis
1304 1516 1525 1581 (Hanni-

455 1582 610 1647 balis)
631 1597 684 1646 x,
703 1586 791 1630 151
866 1581 1072 1630 horrida
1091 1581 1302 1630 vitanda
1318 1587 1399 1630 est
1418 1580 1523 1639 viii,

522 1709 746 1774 Hispida
766 1709 997 1759 membra
1019 1717 1074 1758 et
1095 1708 1238 1757 durae
1283 1723 1377 1772 per
1410 1709 1528 1757 bra·

455 1774 572 1824 chia
587 1784 712 1824 setae
730 1775 1036 1838 promittunt
1052 1779 1278 1823 atrocem
1297 1774 1524 1823 animum

455 1839 489 1888 ii
533 1844 592 1888 11

493 1875 510 1903 ⁹
526 1902 698 1965 Hispo
723 1901 864 1951 subit
887 1902 1096 1961 iuvenes
1118 1901 1172 1963 ii,
1199 1906 1264 1949 50

523 1966 769 2028 Hispulla
814 1966 1049 2028 tragoedo
1095 1966 1288 2028 gaudet
1329 1963 1400 2026 vi,
1459 1968 1523 2014 74

458 2030 700 2094 pinguior
723 2036 901 2078 taurus
924 2030 1016 2088 xii,
1039 2033 1098 2077 11

523 2094 709 2142 Hister
733 2094 840 2141 solo
866 2093 1066 2141 tabulas
1085 2091 1320 2157 implevit
1336 2091 1523 2141 liberto

458 2157 513 2219 ii,
535 2161 618 2205 58.
686 2156 777 2217 xii,
800 2161 893 2205 111

525 2219 756 2270 Historia
782 2220 974 2269 recenti
996 2218 1325 2269 memoranda
1357 2235 1440 2268 res
1470 2220 1523 2279 ii,

463 2289 554 2334 103
589 2285 641 2332 in
664 2284 878 2333 historia
897 2284 1139 2347 quicquid
1159 2285 1365 2333 Graecia
1384 2299 1527 2332 men-

460 2349 557 2414 ‘¹²¹¹ss
580 2347 738 2399 audet
760 2363 812 2409 x,
851 2352 943 2396 175
1011 2349 1336 2397 historiarum
1363 2349 1527 2411 scrip-

459 2422 620 2472 tores,
649 2419 822 2461 vester
845 2412 988 2461 labor
1007 2411 1294 2462 foecundior
1315 2421 1417 2463 cet.
1438 2412 1525 2475 vii,

460 2483 525 2527 98
590 2476 833 2527 historias
874 2478 1017 2540 legat
1048 2484 1362 2542 praeceptor,
1405 2492 1527 2526 auc-

462 2550 603 2592 tores
627 2543 829 2590 uoverit
845 2556 1020 2591 omnes
1040 2541 1127 2603 vii,
1141 2546 1235 2591 231
1272 2543 1404 2592 sciat
1422 2556 1528 2590 om-

460 2620 549 2656 nes
573 2606 643 2666 vi,
663 2610 759 2654 450

526 2670 789 2720 Historico
812 2670 927 2733 quis
950 2669 1116 2729 dabit,
1151 2676 1400 2733 quantum
1439 2669 1529 2718 da·

461 2741 543 2783 ret
565 2741 686 2782 acta
708 2735 899 2794 legenti
923 2734 1010 2793 vii,
1035 2738 1128 2782 104

526 2798 729 2848 Histrio
752 2797 914 2860 dabit,
937 2796 1082 2860 *quod
1116 2812 1218 2846 non
1251 2798 1379 2847 dant
1412 2812 1532 2862 pro-

463 2876 609 2912 ceres
635 2861 721 2923 vii,
749 2865 815 2909 90

531 2925 705 2974 Hodie
749 2938 829 2973 res
873 2923 1039 2973 minor
1081 2932 1178 2989 est,
1215 2926 1340 2974 here
1377 2939 1529 2991 quam

463 2988 562 3038 fuit
585 2988 658 3048 iii,
687 2992 750 3036 23

528 3052 718 3101 Hoemo
741 3050 938 3100 mollius
960 3053 1030 3115 vi,
1052 3058 1149 3102 198

531 3116 748 3165 Homeri
772 3126 1063 3166 commenta
1086 3118 1318 3168 ridentur
1341 3134 1393 3177 x,
1414 3123 1529 3168 246.

463 3180 571 3243 xiii,
594 3185 708 3241 112,
732 3184 824 3228 113
864 3180 1090 3229 Homero
1108 3183 1195 3230 uni
1212 3184 1355 3232 cedit
1377 3197 1529 3245 prop-

465 3248 550 3294 ter
594 3245 732 3292 mille
777 3259 934 3292 annos
978 3246 1064 3306 vii,
1110 3250 1174 3294 38
1256 3261 1442 3309 magno
1486 3248 1530 3295 si

466 3309 740 3373 quicquam
786 3308 955 3357 credis
994 3325 1045 3369 x,
1084 3313 1181 3358 246
1259 3311 1376 3359 vivo
1418 3311 1530 3373 jam

464 3372 801 3423 decrescebat
822 3373 917 3421 boc
952 3387 1112 3435 genus
1154 3374 1409 3422 bominum
1446 3390 1533 3435 xv,

466 3442 532 3487 69
598 3438 880 3500 Homerum
903 3437 1175 3499 suspendit
1198 3438 1334 3498 hinc,
1354 3445 1409 3487 et
1430 3439 1532 3487 alia

466 3507 615 3565 parte
642 3503 914 3550 Maronem
940 3502 1009 3557 vi,
1032 3505 1128 3551 437
1196 3505 1267 3559 xi,
1294 3506 1386 3550 178

532 3566 840 3615 Homericus
879 3566 1140 3615 Gradivus
1177 3574 1425 3631 quantum
1448 3582 1534 3616 ex·

467 3630 657 3678 clamat
681 3629 786 3691 xiii,
811 3635 903 3679 113

465 3690 809 3805 26Homicida
857 3696 898 3743 si
935 3695 1120 3743 Miloni
1159 3695 1433 3758 displiceat
1477 3695 1536 3759 ii,

534 3819 704 3868 Homo
729 3837 859 3878 sum,
899 3821 1023 3871 licet
1047 3822 1257 3882 clames,
1302 3830 1358 3872 et
1392 3837 1532 3871 mare

469 3883 600 3930 eoelo
627 3882 912 3933 confundas
935 3888 1003 3944 vi,
1021 3890 1114 3935 284
1183 3887 1332 3936 homo
1357 3888 1428 3935 ita
1451 3894 1532 3935 est

467 3960 640 3994 servus
681 3949 750 4006 vi,
797 3953 893 3996 222
962 3950 1075 4012 quis
1115 3964 1214 3997 uno
1259 3956 1533 3999 contentus

470 4010 665 4058 scelere
688 4011 800 4071 xiii,
821 4016 916 4060 243
986 4020 1040 4061 tu
1066 4013 1161 4061 tibi
1187 4014 1330 4072 liber,
1369 4021 1423 4062 et
1453 4028 1533 4061 re·

469 4074 548 4137 gis
572 4075 790 4133 conviva
811 4075 1002 4124 videris
1023 4091 1073 4137 v,
1100 4081 1189 4125 161
1227 4078 1345 4126 Diis
1368 4075 1536 4126 carior

472 4148 622 4203 quam
644 4136 744 4187 sibi
765 4153 817 4201 x,
839 4143 936 4187 350
979 4154 1166 4201 parcus
1188 4141 1295 4203 xiv,
1318 4144 1410 4189 112
1446 4141 1535 4189 ho-

1276 351 1522 401 mnssx
1573 351 1839 400 RERUM

1591 489 1741 539 minis
1782 489 1994 540 delicias
2048 490 2116 552 vi,
2155 494 2220 539 47
2331 490 2549 542 hominis
2591 491 2661 542 de

1592 562 1760 603 morte
1781 556 1921 603 nulla
1955 568 2177 618 unquam
2210 555 2473 604 cunctatio
2507 555 2662 618 longa

1593 626 1674 667 est
1698 618 1767 676 vi,
1802 622 1895 666 221
1965 618 2217 667 hominem
2241 619 2375 667 hunc
2402 633 2660 696 nunquam

1594 683 1760 730 amavi
1783 698 1835 743 x,
1855 688 1921 731 69
1985 682 2214 730 homines
2236 696 2267 730 e
2290 683 2400 747 lugo
2422 682 2534 732 ficti
2555 684 2664 746 xiv,

1595 750 1655 794 35
1725 753 1880 809 rupto
1915 746 2103 795 robore
2140 746 2519 811 compositique
2552 749 2662 797 luto

1594 810 1748 858 aliter
1786 810 1912 860 orbe
1951 825 2087 860 novo
2120 811 2381 870 vivebant,
2418 817 2474 859 et
2497 811 2662 860 nullos

1596 873 1858 923 habebant
1880 882 2121 938 parentes
2147 876 2213 936 vi,
2235 879 2297 923 12
2340 876 2502 924 malos
2524 888 2662 924 nunc

1596 937 1786 988 educat
1830 945 1974 988 terra
2018 946 2177 1002 atque
2215 939 2427 1000 pusillos
2469 954 2555 998 xv,
2596 944 2662 988 70

1594 1002 1825 1050 homines
1846 1003 1927 1052 bic
1951 1001 2081 1052 fiunt
2105 1003 2159 1061 ii,
2183 1007 2274 1051 167
2342 1010 2556 1064 pertusa
2577 1004 2664 1053 la·-

1594 1080 1660 1114 na
1678 1066 1906 1129 plurima
1928 1081 2031 1115 non
2055 1066 2248 1115 audent
2271 1067 2445 1115 dicere
2473 1082 2524 1128 v,
2563 1073 2659 1118 131

1596 1130 1861 1180 hominum
1896 1145 2139 1180 occursus
2180 1130 2247 1180 ad
2291 1146 2467 1180 omnes
2503 1147 2557 1190 x,
2593 1136 2660 1182 48

1596 1195 1901 1258 corpuscula
1922 1195 2174 1258 quantula
2194 1210 2249 1257 x,
2273 1199 2366 1243 173
2433 1197 2547 1257 plus
2582 1202 2663 1244 est

1582 1259 1701 1321 jam
1723 1259 1772 1307 in
1796 1262 1981 1323 pelago
2004 1259 2112 1320 xiv,
2134 1262 2231 1307 276
2297 1259 2554 1309 discordia
2570 1275 2662 1323 xv,

1666 1387 1975 1448 Homuncio,
1995 1393 2216 1451 quantus
2230 1401 2294 1435 ex
2319 1387 2476 1438 nihilo
2491 1388 2664 1452 fieres,

1597 1451 1642 1500 si
1704 1450 1778 1500 uis
1802 1452 1901 1500 tibi
1924 1453 2302 1516 quadringenta
2325 1452 2475 1502 daret
2495 1469 2546 1515 v,
2567 1459 2661 1503 133

1722 1526 1903 1565 onesta
1925 1525 1981 1565 et
2004 1516 2148 1579 justa
2185 1516 2225 1565 si
2270 1518 2488 1579 periculi
2527 1518 2664 1567 ratio

1598 1585 1680 1628 est
1703 1579 1772 1635 vi,
1792 1585 1854 1629 95
1890 1581 2157 1630 honestum
2181 1578 2371 1629 afferre
2394 1581 2664 1630 consilium

1596 1643 1666 1706 iv,
1701 1648 1762 1692 85
1829 1645 2028 1694 honesti
2051 1645 2242 1693 secreti
2273 1646 2584 1709 participem
2609 1654 2665 1695 te

1599 1707 1729 1757 fecit
1746 1707 1822 1769 iii,
1844 1713 1908 1756 52
1966 1710 2209 1759 honestos
2231 1723 2397 1757 mores
2419 1718 2477 1758 ut
2500 1716 2667 1766 mater

1598 1772 1774 1821 tradat
1797 1780 1852 1821 et
1873 1773 2019 1833 alios,
2058 1788 2210 1835 quam
2234 1773 2344 1837 ipsa
2367 1774 2540 1832 habet,
2574 1788 2665 1822 ex-

1600 1844 1780 1911 pectas
1816 1837 1887 1897 vi,
1928 1841 2026 1885 239
2079 1838 2309 1912 honestis
2333 1845 2386 1886 et
2409 1837 2561 1887 rebus
2585 1853 2666 1886 sa-

1596 1900 2172 2015 xtfiffiflss‘ffifflssz’ss‘,
2288 1902 2668 2016 2⁴1⁴*h0322'333

1598 2027 1706 2077 illic
1729 2035 1783 2077 et
1807 2036 2028 2078 tremere
2051 2038 2154 2079 cet.
2177 2045 2228 2090 v,
2257 2033 2319 2078 10

1664 2092 1849 2141 Ηουοι·
1873 2108 2095 2143 summus
2132 2109 2246 2143 cum
2279 2092 2428 2143 finito
2460 2109 2669 2158 compu-

1600 2161 1680 2216 tet
1703 2170 1835 2206 anno
1856 2156 1893 2217 i,
1918 2162 2011 2207 117
2052 2158 2257 2207 honoris
2280 2158 2407 2207 clari
2431 2160 2666 2208 velamen

1599 2219 1673 2282 iii,
1697 2225 1789 2269 178
1846 2229 2048 2284 tempus
2070 2221 2276 2271 finitum
2300 2222 2408 2283 viii,
2435 2226 2526 2270 150
2579 2225 2668 2271 bo·

1600 2285 1714 2332 nori
1738 2299 1886 2333 sacro
1907 2300 2010 2335 non
2034 2286 2190 2335 cedat
2212 2288 2247 2344 i,
2275 2291 2367 2336 110
2420 2287 2667 2340 honorem

1600 2349 1736 2397 bitnc
1763 2349 1909 2397 vobis
1934 2357 2170 2413 praestat,
2210 2365 2241 2398 o
2264 2349 2452 2399 nummi
2477 2365 2526 2411 v,
2570 2354 2669 2401 130

1600 2413 1920 2477 praecipuum
1942 2429 2295 2528 summumque
2331 2422 2560 2465 meretur
2594 2415 2671 2479 rvi,

1600 2482 1697 2527 532
1763 2478 1963 2537 militiae
2001 2480 2173 2528 multis
2235 2480 2433 2543 argitur
2473 2480 2560 2541 vii,
2601 2484 2668 2529 88

1598 2543 1790 2591 honore
1813 2543 2101 2593 Dictatoris
2121 2542 2326 2593 functus
2349 2544 2422 2604 xi,
2450 2548 2512 2592 87
2579 2544 2669 2594 bo-

1600 2620 1753 2655 nores
1774 2607 1956 2655 nimios
1979 2608 2199 2683 optabat
2230 2608 2443 2671 Sejanus
2474 2622 2530 2664 x.
2570 2612 2667 2657 104

1601 2671 1834 2732 honores,
1871 2686 1996 2735 quos
2019 2673 2118 2720 uuis
2139 2672 2321 2720 damus
2342 2679 2397 2720 et
2419 2671 2669 2733 dedimus,

1601 2735 1788 2797 quibus
1811 2735 1981 2784 omnia
2003 2736 2163 2785 debes
2185 2738 2291 2797 viii,
2315 2741 2380 2786 69
2416 2736 2669 2786 honorum

1602 2798 1813 2861 insignis
1838 2801 2026 2863 pagina
2048 2815 2100 2861 x,
2123 2805 2184 2849 57

1670 2863 1815 2910 Hora
1836 2864 2009 2925 aptior
2031 2864 2149 2913 cibo
2171 2864 2425 2928 capiendo
2461 2864 2530 2922 vi,
2569 2868 2666 2914 581

1600 2925 1768 2974 solida
1788 2929 2013 2990 supersit
2034 2927 2099 2976 ad
2124 2936 2323 2978 sextam
2346 2929 2418 2988 xi,
2436 2934 2531 2977 205
2586 2943 2671 2977 su·

1603 2991 1759 3039 mitur
1778 3006 1847 3038 ex
1873 2992 2005 3040 libro
2028 2992 2095 3049 vi,
2118 2997 2211 3040 577
2278 2991 2372 3042 hac
2395 2993 2507 3056 ipsa
2528 2992 2668 3056 Seja-

1602 3070 1723 3103 num
1746 3048 1955 3104 diceret
1980 3056 2272 3118 Augustum
2296 3072 2349 3117 x,
2371 3061 2437 3105 76
2491 3057 2669 3120 benig-

1603 3119 1655 3167 ni
1679 3118 1776 3167 fati
1799 3120 1904 3181 xvi,
1940 3125 1971 3168 4
2040 3120 2177 3168 boris
2202 3121 2431 3182 septenis
2455 3121 2506 3169 in
2529 3121 2670 3170 diem

1603 3183 1714 3232 odit
1735 3184 1875 3231 illam
1900 3184 1968 3247 vi,
1993 3188 2084 3233 183
2135 3184 2285 3233 horas
2306 3193 2434 3249 quot
2456 3186 2671 3234 nunciet

1606 3262 1736 3311 puer
1758 3262 1811 3306 x,
1837 3252 1935 3297 216

1671 3311 1922 3360 Horatius
1943 3320 2086 3361 satur
2109 3320 2206 3374 est,
2244 3327 2361 3361 cum
2384 3311 2514 3361 dicit
2545 3312 2671 3362 Euoe

1606 3390 1648 3423 s.
1676 3372 1895 3423 Heuohe
1917 3377 2006 3435 vii,
2025 3382 2091 3425 62
2133 3378 2243 3440 ejus
2265 3378 2475 3426 lucerna
2497 3378 2672 3426 Venu-

1606 3438 1716 3487 sina
1738 3440 1848 3487 haze
1871 3439 2029 3503 digna
2052 3442 2086 3502 ἱ,
2107 3447 2164 3489 51

1675 3504 1884 3551 Hordea
1908 3505 2159 3567 jumentis
2182 3504 2418 3554 infundet
2441 3504 2548 3565 viii,
2576 3509 2671 3554 154

1673 3561 1872 3616 Horret
1893 3568 2051 3626 illam,
2089 3584 2239 3633 quam
2262 3569 2499 3618 laudibus
2520 3567 2674 3618 effert

1606 3631 1676 3689 vi,
1700 3636 1792 3680 183
1826 3633 2057 3683 novicius
2081 3642 2273 3682 tetrum
2297 3634 2580 3682 Porthmea
2601 3633 2675 3694 iii,

1606 3699 1700 3744 265
1727 3696 1963 3745 horreres
1981 3697 2199 3754 scilicet,
2216 3699 2513 3760 majoraque
2531 3711 2673 3746 mon·

1609 3766 1717 3808 stra
1740 3770 1950 3823 putares
1974 3761 2026 3824 ii,
2055 3765 2144 3809 122
2188 3761 2393 3810 horrere
2416 3760 2680 3823 incendia,

1610 3823 1803 3886 lapsus,
1826 3825 2056 3887 pericula
2077 3826 2147 3881 iii,
2169 3830 2198 3873 7
2265 3824 2495 3873 horrenti
2521 3839 2672 3873 servo

1609 3888 1834 3937 tunicam
1873 3904 1974 3937 non
2016 3889 2234 3938 reddere
2270 3890 2305 3948 i,
2333 3893 2397 3937 93
2462 3889 2673 3938 borren-

1609 3951 1727 3999 dum
1753 3953 1880 4001 Exl
1916 3954 2117 4003 intonet
2153 3953 2221 4015 vi,
2257 3957 2351 4003 485
2417 3952 2675 4002 horrenda

1610 4015 1746 4078 passi
1769 4017 1858 4079 xii,
1881 4021 1942 4065 15

1676 4079 1906 4130 Horrida
1933 4089 2103 4130 mater
2137 4081 2214 4142 iii,
2254 4084 2351 4129 212
2421 4080 2676 4144 Hispania

1610 4143 1720 4207 viii,
1755 4149 1851 4194 116
1914 4146 2087 4209 pellex
2126 4146 2276 4210 quale
2310 4143 2441 4195 facit
2475 4153 2674 4197 stamen
