3050 4913
502 356 687 422 clxvi

495 517 694 582 frangis
716 515 966 567 sociorum
991 515 1041 566 iu
1067 513 1315 580 sunguine
1338 515 1448 576 viii,
1472 519 1568 565 136

498 584 639 647 ipsas
687 590 742 634 te
787 583 1010 631 Consule
1056 579 1360 645 precedant
1398 595 1567 629 mores

497 648 608 762 (viiii,
629 652 692 697 23
757 645 1421 760 Ιιιιιιὶηἰέὶειεειὶίοιιίθιιπιιοτάετε
1443 659 1566 694 non-

537 727 620 762 um
644 727 795 761 ausus
855 727 898 760 ω
938 727 968 759 u
994 725 1050 759 us
1074 726 1125 759 xi

561 776 785 840 ‘Virgilio
809 777 853 822 si
876 790 1003 838 puer
1036 782 1091 824 et
1125 747 1401 837 ‘nospitium
1438 775 1569 842 φκ-

498 841 662 892 rabile
687 843 913 894 deesset.
948 842 1198 889 caderent
1219 853 1395 887 omnes
1419 852 1450 885 a
1473 839 1569 886 cri·

497 907 650 956 nibus
671 906 817 970 hydri
844 913 946 954 eet.
991 905 1079 967 vii,
1110 908 1177 952 69
1215 919 1293 967 sq.
1361 905 1471 951 laus
1492 903 1570 951 in-

497 970 656 1033 signis
684 970 930 1019 tribuitur
968 969 1042 1029 xi,
1083 973 1196 1027 178,
1236 972 1332 1017 179
1399 966 1569 1029 Virgi-

499 1035 624 1085 lium
647 1035 844 1094 laudat,
872 1035 1116 1097 periturae
1140 1033 1359 1094 ignoscit
1384 1032 1568 1080 Elissae

500 1098 687 1148 -dnde
713 1101 999 1157 Maronem,
1033 1104 1188 1161 etque
1217 1097 1318 1145 alia
1341 1104 1491 1159 parte
1515 1094 1569 1143 in

499 1165 697 1214 trutina
729 1163 999 1226 suspendit
1038 1162 1319 1211 Homerum
1363 1162 1435 1222 vi,
1469 1164 1566 1209 435

498 1244 578 1294 sq.

566 1292 801 1356 Virginla
822 1296 1041 1354 cuperet
1064 1289 1257 1339 Rutilae
1281 1290 1492 1354 gibbum
1516 1305 1571 1352 x,
1638 1280 1645 1290 ”

566 1422 831 1485 Virginius
857 1421 981 1484 quid
1005 1419 1158 1468 armis
1182 1418 1366 1468 debuit
1388 1418 1571 1469 ulcisci

501 1487 666 1549 magis
700 1486 807 1546 viii,
826 1490 921 1534 221

567 1552 751 1614 Virgo,
773 1558 831 1598 ut
857 1550 1030 1612 puella
1055 1555 1109 1597 et
1128 1547 1368 1612 nympha,
1385 1563 1498 1611 quae
1518 1548 1571 1596 in

502 1614 632 1665 flore
657 1616 828 1663 aetatis
848 1621 945 1675 est,
968 1614 1069 1662 etsi
1097 1614 1206 1676 jum
1232 1618 1397 1677 nupta
1419 1613 1490 1674 ix,
1508 1616 1572 1662 74

503 1679 611 1729 filia
633 1694 736 1729 non
767 1687 878 1728 tuta
903 1685 1006 1727 cet.
1030 1677 1104 1740 iii,
1127 1681 1221 1727 110
1289 1692 1404 1742 qua.»
1427 1685 1572 1726 nata-

502 1746 582 1795 vit
597 1744 892 1793 Tiberinum
914 1743 1135 1802 viii‚265
1190 1749 1423 1790 maneret
1442 1756 1573 1790 uxor

505 1816 613 1871 tua,
635 1809 686 1857 ni
712 1810 806 1857 tibi
835 1807 1042 1856 deditus
1065 1821 1226 1854 essem
1250 1806 1572 1870 devotusque

504 1874 665 1923 cliens
706 1874 778 1935 ix,
815 1876 879 1921 72
946 1871 1152 1920 conscia
1173 1870 1325 1918 matri
1366 1871 1471 1931 xiv,
1508 1875 1574 1919 29

505 1937 718 2001 virginis
765 1936 959 1985 adultae
994 1933 1147 1983 funus
1182 1950 1274 1995 xv,
1313 1939 1408 1983 139
1472 1934 1575 1982 vir·

543 2003 624 2051 ine
645 2002 897 2063 Pygmaea
919 1999 1124 2048 brevior
1151 1998 1355 2047 videtur
1387 1998 1454 2056 vi,
1477 2003 1576 2047 606

504 2017 746 2130 §Virgines
787 2065 1033 2113 dicuntur
1070 2077 1255 2112 uxores
1293 2069 1454 2111 aetate
1485 2060 1577 2111 flo-

507 2138 681 2179 rentes
704 2130 759 2190 ii,
783 2133 847 2177 69

570 2193 893 2257 Virguncule
928 2205 1045 2240 cum
1067 2191 1207 2243 Juno
1244 2188 1430 2254 (esset)
1467 2190 1579 2253 xiii,

505 2263 538 2308 ⁴
571 2322 769 2371 Viridis
793 2321 948 2397 panni
972 2326 1210 2369 eventum
1251 2334 1354 2384 quo
1389 2319 1579 2383 colligo

506 2387 583 2448 xi,
606 2391 702 2435 196
769 2386 985 2434 viridem
1014 2385 1223 2432 thoraca
1247 2399 1296 2445 v,
1321 2387 1413 2433 143
1472 2400 1579 2432 um-

509 2451 698 2502 bellam
735 2451 809 2513 ix,
838 2455 904 2500 60
971 2448 1123 2498 viridi
1148 2449 1376 2511 margine
1416 2448 1492 2510 iii,
1517 2452 1580 2498 19

507 2517 700 2566 virides
726 2518 910 2579 palmae
936 2515 1024 2577 vii,
1063 2518 1156 2563 118
1223 2514 1390 2563 adhuc
1431 2513 1483 2562 iu
1520 2513 1580 2561 li-

507 2582 645 2631 mine
668 2596 836 2630 ramos
859 2579 928 2640 vi,
951 2584 1047 2628 228
1119 2593 1345 2641 gemmas
1380 2579 1451 2636 vi,
1481 2582 1579 2626 468

509 2646 698 2696 aristas
720 2646 826 2706 xiv,
852 2648 942 2694 147

572 2711 728 2759 Virro
772 2716 916 2759 tenet
957 2707 1151 2770 phialas
1189 2707 1468 2771 inaequsles
1493 2706 1579 2755 be-

568 2776 640 2824 llo
662 2790 716 2837 v,
738 2778 802 2823 39
869 2787 1092 2836 gemmas
1116 2771 1181 2820 ad
1207 2772 1391 2833 pocula
1414 2777 1579 2820 trans·

536 2846 617 2888 ert
637 2854 668 2887 a
691 2838 867 2901 digitis
890 2853 940 2894 ν,
962 2837 1026 2889 43
1094 2835 1299 2900 quando
1334 2835 1430 2884 tibi
1460 2850 1580 2899 pro-

551 2902 661 2952 inat
683 2918 733 2962 v,
757 2905 850 2950 128
915 2901 1014 2949 sibi
1036 2906 1092 2949 et
1114 2900 1327 2964 reliquis
1351 2899 1583 2949 Virroni-

552 2982 610 3016 us
632 2966 721 3015 illa
733 2966 943 3029 jubebit
967 2979 1122 3027 poma
1145 2963 1258 3013 duri
1287 2973 1388 3015 cet.
1410 2968 1580 3078 νῦ149

512 3030 1373 3156 233332¹315225¹¹i>¹32532¹333522
1380 3031 1439 3143 .ἴὲ
1458 3030 1582 3142 :22¹⁰

513 3175 604 3210 cus
623 3159 762 3208 fieris
782 3167 884 3207 cet.
910 3174 964 3218 v,
984 3161 1074 3206 134
1128 3158 1334 3206 Virroni
1354 3172 1584 3209 muraena

512 3223 669 3273 datur
702 3231 804 3273 cet.
845 3239 895 3281 v,
928 3227 993 3271 98
1050 3221 1322 3270 Virronem
1362 3221 1583 3272 forsitan

512 3288 760 3352 impensae
809 3301 1024 3350 parcere
1070 3286 1280 3336 credas:
1338 3287 1438 3337 hoc
1475 3287 1585 3350 ugit

517 3361 617 3402 cet.
643 3367 695 3413 ν,
719 3356 815 3400 166
837 3367 914 3416 sq.

581 3416 763 3465 Virtus
782 3417 831 3464 in
850 3415 1059 3479 templis
1079 3416 1318 3477 colituri,
1338 3421 1430 3466 116
1479 3416 1586 3479 pal·

515 3496 650 3530 mam
690 3481 947 3529 natalibus
985 3489 1158 3544 oequst
1209 3481 1278 3541 vi,
1320 3484 1415 3529 323
1503 3488 1585 3529 est

514 3545 758 3595 nobilitas
803 3545 912 3593 sola
954 3552 1111 3609 utque
1152 3545 1304 3594 unica
1361 3543 1469 3603 viii,
1519 3549 1584 3593 20

514 3610 723 3659 virtutis
757 3609 933 3673 specie
965 3617 1019 3657 et
1043 3609 1222 3658 umbra
1245 3608 1380 3658 fallit
1404 3609 1585 3658 vitium

517 3674 627 3739 xiv,
651 3679 746 3724 109
811 3682 960 3722 tanto
979 3673 1149 3722 minor
1186 3675 1298 3723 sitis
1333 3688 1481 3738 quam
1509 3672 1586 3722 fa-

517 3752 616 3786 mae
638 3754 650 3784 ε
689 3738 801 3802 quis
826 3738 961 3787 enim
983 3738 1228 3786 virtutem
1252 3738 1587 3800 amplectitur

518 3800 705 3863 ipsam,
738 3802 945 3863 praemia
978 3802 1020 3850 si
1057 3802 1206 3851 tonas
1239 3817 1290 3863 x,
1330 3806 1418 3851 141
1489 3817 1587 3865 per

520 3864 765 3912 virtutem
786 3866 940 3913 unica
970 3867 1153 3914 semita
1188 3867 1476 3928 tranquillae
1513 3866 1585 3914 vi·

522 3934 591 3977 tae
631 3936 779 3990 petet
808 3943 858 3989 x,
906 3934 1000 3977 364
1090 3932 1284 3978 virtute
1322 3931 1465 3978 nulla
1506 3945 1586 3979 re·

522 3991 752 4040 demtum
772 4006 802 4039 a
820 3993 959 4040 vitiis
978 4003 1259 4041 monstrum
1278 3993 1346 4052 iv,
1362 3999 1393 4042 2
1427 4001 1585 4058 utque

520 4054 626 4106 fide
669 4071 780 4119 per,
816 4056 907 4104 sed
947 4057 1110 4119 major
1146 4058 1294 4105 clade
1327 4059 1587 4120 Saguntus

522 4135 610 4181 xv,
657 4124 749 4170 114
836 4119 899 4167 de
938 4121 1130 4170 virtute
1176 4122 1339 4170 locuti
1383 4122 1588 4171 clunem

521 4184 726 4248 agitant
755 4184 790 4234 ii
843 4188 908 4234 20
972 4184 1252 4235 virtutibus
1293 4186 1467 4235 obstat
1506 4202 1589 4236 res

522 4257 742 4314 ungusta
779 4219 921 4300 domi
955 4248 1032 4313 iii,
1077 4253 1171 4299 164
1237 4264 1355 4301 eum
1392 4252 1589 4319 magnis

1329 371 1407 420 IN
1423 371 1578 420 DEX
1628 371 1896 420 RERUM

1639 513 1794 565 affers
1817 512 2149 578 supercilium
2174 513 2370 577 grande
2392 515 2463 577 vi,
2484 520 2580 566 168

1703 581 1862 629 Virus
1891 586 2066 644 oequat
2096 579 2354 629 natalibus
2393 580 2618 644 palmam
2642 581 2712 642 vi,

1709 709 1799 758 Vis
1820 714 1967 758 tanta
2006 708 2280 758 verborum
2317 709 2463 759 cedit
2500 710 2568 769 vi,
2610 714 2710 760 440

1644 773 1779 823 vires
1800 780 1940 822 annet
1964 773 2031 845 νίι
2052 778 2148 823 263
2202 774 2322 822 hinc
2345 775 2612 824 stomacho
2634 775 2711 834 xi,

1646 842 1741 886 128
1805 838 1941 885 ultra
1963 838 2097 886 vires
2119 838 2328 888 habitus
2348 839 2485 888 nitor
2515 839 2593 902 iii,
2616 843 2712 889 180

1643 902 1836 950 viribus
1858 901 1943 950 ille
1968 901 2191 951 confisus
2215 903 2368 967 periit
2404 919 2460 963 x,
2497 909 2560 953 10
2627 918 2713 953 oe·

1645 966 1800 1016 cultis
1843 968 2083 1030 egregius
2123 965 2237 1016 fons
2274 968 2485 1032 adjuvat
2521 968 2611 1043 xii²
2646 971 2714 1017 u

1646 1031 1759 1079 dira
1802 1031 1965 1093 passis
2029 1047 2117 1092 xv,
2170 1035 2265 1081 104
2362 1034 2473 1081 sine
2513 1032 2713 1082 viribus

1645 1111 1758 1159 quoe
1773 1095 2029 1146 Venerem
2048 1094 2261 1145 affectat
2278 1096 2458 1160 libido,
2472 1104 2716 1161 suspects

1645 1167 1725 1208 est
1748 1175 1799 1222 x,
1821 1163 1919 1209 209

1710 1225 1987 1274 viscantur
2009 1226 2156 1274 labra
2177 1225 2347 1273 mariti
2369 1223 2487 1274 hinc
2526 1224 2596 1285 vi,
2614 1228 2713 1275 463

1708 1289 1926 1338 Viscera
1960 1290 2246 1339 vulturibus
2280 1289 2438 1338 Dacis
2471 1288 2717 1338 servabat

1648 1353 1841 1403 Fuscus
1885 1354 1955 1415 iv,
1994 1359 2084 1403 111
2170 1368 2408 1403 renerum
2452 1367 2716 1417 uunquam

1647 1417 1848 1481 inspexi
1892 1418 1966 1479 iii,
2007 1423 2072 1468 44
2138 1432 2436 1482 magnarum
2470 1417 2717 1467 domuum

1648 1482 1841 1546 domiui
1876 1498 1940 1532 ue
1961 1481 2127 1532 futuri
2145 1483 2219 1542 iii,
2241 1487 2306 1532 72
2356 1484 2496 1532 intre
2513 1483 2719 1532 viscere

1647 1561 1835 1609 penem
1876 1548 2146 1611 egitimum
2180 1562 2334 1611 agere
2379 1561 2444 1595 un
2480 1545 2640 1596 facile·
2661 1552 2720 1596 et
2820 1591 2823 1594 .

1649 1626 1866 1674 pronum
1907 1620 1986 1661 est
2020 1612 2093 1672 ix,
2131 1616 2195 1661 43
2273 1611 2557 1674 visceribus
2596 1625 2718 1674 spu·

1649 1676 1910 1724 mantibus
1932 1676 2117 1725 ardens
2141 1676 2249 1738 xiii,
2272 1682 2332 1724 16

1718 1741 1859 1789 Visci
1883 1740 2038 1789 calidi
2063 1739 2227 1790 fuscia
2247 1741 2320 1802 ix,
2342 1744 2403 1789 14

1715 1805 1842 1854 vita
1884 1806 1968 1854 vel
2010 1807 2233 1854 moribus
2273 1812 2329 1854 et
2373 1819 2430 1854 re
2474 1810 2718 1867 praestem

1651 1869 1997 1932 pulcherrima
2040 1870 2186 1920 dictu
2232 1870 2303 1926 xi,
2344 1873 2408 1918 67
2516 1869 2720 1934 dignior

1652 1949 1766 1997 qnae
1791 1948 1892 1981 non
1913 1934 2084 1983 hostis
2106 1934 2216 1994 xiii,
2238 1938 2333 1983 236
2380 1933 2581 1983 dierum
2598 1947 2723 1996 pau·

1650 2011 1827 2047 corum
1849 1999 1891 2046 si
1915 1999 2046 2048 tanti
2069 2006 2149 2048 est
2172 2013 2223 2058 x,
2244 2003 2340 2048 343
2406 1999 2519 2062 ipss
2532 1999 2723 2062 jucun*

1653 2062 1767 2111 dius
1807 2063 1996 2112 bonum
2037 2063 2266 2113 vindicta
2303 2063 2415 2124 xiii,
2453 2067 2546 2112 180
2611 2075 2723 2111 mn·

1654 2128 1816 2190 gistra
1854 2128 1943 2191 qui
1974 2126 2204 2177 didicere
2233 2126 2373 2176 ferre
2400 2127 2723 2176 incommoda

1655 2192 1777 2241 vitae
1801 2206 1896 2240 nec
1927 2192 2133 2255 jactare
2151 2193 2356 2255 jugum,
2399 2192 2490 2240 hos
2515 2205 2719 2267 quoque

1653 2254 1833 2305 felices
1877 2256 2109 2305 ducimus
2167 2258 2279 2318 xiii,
2320 2260 2385 2306 22
2473 2271 2566 2320 pro
2610 2263 2721 2305 vitu

1688 2319 1909 2379 uaedam.
1945 2335 2046 2370 non
2080 2322 2251 2370 omnis
2270 2320 2511 2370 facienda
2532 2326 2722 2385 putant

1731 2400 1796 2433 no
1817 2391 1873 2434 et
1894 2385 2069 2436 Stoici
2103 2401 2188 2444 xv,
2232 2390 2327 2435 108
2393 2385 2514 2435 vitoe
2548 2385 2720 2435 diver-

1653 2466 1765 2500 sum
1810 2449 1912 2499 iter
1958 2451 2276 2513 ingredietur
2318 2449 2408 2512 vii,
2469 2453 2562 2499 172
2652 2449 2721 2499 ἀι

1653 2516 1895 2579 spatium,
1916 2517 2102 2565 multos
2126 2517 2210 2575 da,
2233 2516 2464 2579 Jupiter,
2484 2528 2646 2564 anuos
2668 2529 2723 2579 x,

1656 2584 1749 2631 188
1814 2587 2048 2642 angusta
2079 2582 2380 2644 misereque
2415 2579 2723 2628 brevissime

2463 2658 2527 2693 ue
2563 2641 2725 2693 tedia

1654 2716 1775 2758 sunt
1795 2723 1980 2771 magns
2002 2708 2074 2769 xi,
2096 2714 2192 2759 207
2258 2723 2417 2759 secun
2458 2725 2502 2757 ω
2540 2722 2573 2756 e
2609 2721 2726 2756 cor-

1653 2774 1770 2822 nice
1793 2773 2086 2836 exemplum
2119 2788 2171 2837 x,
2198 2778 2295 2823 247
2362 2774 2532 2835 lougae
2553 2772 2725 2836 spatie

1654 2838 1720 2886 ud
1743 2838 1926 2886 ultime
1961 2838 2226 2901 respicere
2259 2838 2417 2900 jussit
2460 2852 2560 2886 vox
2590 2835 2725 2901 justi

1656 2900 1881 2952 fecunde
1916 2903 2116 2951 Solonis
2158 2916 2216 2965 x,
2255 2906 2351 2951 276
2431 2916 2591 2964 genus
2625 2902 2725 2951 boe

1655 2967 1760 3016 mul
1768 2967 1831 3015 tis
1848 2967 1920 3026 ix,
1935 2971 1998 3017 27
2035 2967 2262 3030 spatium
2281 2973 2570 3016 extremum
2586 2966 2727 3015 inter

1655 3045 1869 3080 munera
1886 3040 2084 3081 naturae
2109 3045 2269 3094 ponas
2287 3035 2450 3093 κ,368
2476 3030 2726 3095 tranquil-

1656 3095 1719 3144 1ae
1766 3096 1954 3144 semita
1990 3096 2142 3145 unica
2164 3102 2311 3159 putet
2346 3110 2443 3159 per
2477 3094 2726 3144 virtutem

1657 3175 1712 3220 x,
1740 3164 1837 3209 364
1904 3174 2022 3224 spes
2063 3175 2181 3210 cum
2203 3161 2313 3210 sole
2347 3159 2487 3209 redit
2528 3160 2620 3220 xii,
2659 3163 2727 3207 70

1660 3232 1865 3288 partem
1907 3239 2010 3273 non
2063 3225 2246 3301 attigit
2286 3225 2445 3273 ullum
2482 3223 2589 3285 xiv,
2630 3226 2726 3272 106

1660 3295 1899 3351 tempora
1921 3290 2076 3352 longa
2097 3289 2195 3338 tibi
2216 3288 2476 3338 dabuntur
2498 3288 2604 3349 xiv,
2630 3290 2725 3336 167

1660 3354 1820 3429 priori
1859 3353 2151 3403 contrarius
2194 3353 2268 3400 ire
2312 3353 2382 3417 ix,
2424 3358 2485 3400 21
2565 3352 2727 3400 vitam

1658 3417 1963 3480 impendere
2006 3431 2128 3466 vero
2169 3417 2238 3479 iv,
2272 3421 2333 3465 91
2406 3423 2627 3479 propter
2653 3416 2728 3464 vi-

1663 3488 1766 3531 tum
1803 3482 2009 3531 vivendi
2046 3482 2265 3544 perdere
2290 3496 2490 3542 causas,
2532 3487 2589 3529 et
2623 3480 2731 3528 ani-

1660 3545 2064 3660 ffeisspssiiffl‘*
2082 3544 2733 3673 ”xssss‘sszzss'zfftazffaff

1943 3646 1958 3672 Φ

1662 3676 1806 3725 ciunt
1849 3675 2158 3739 patrimonia
2202 3676 2427 3738 quidam,
2466 3673 2557 3722 sed
2604 3673 2730 3721 vitio

1662 3740 1791 3853 (53ξεί
1815 3748 2029 3804 propter
2065 3739 2372 3803 patrimoni·
2407 3738 2597 3787 vivunt
2634 3736 2732 3800 xii,

1727 3868 1865 3918 Vitis
1904 3876 1961 3918 et
1999 3868 2133 3917 horti
2174 3868 2442 3918 custodem
2519 3871 2734 3915 rovocnt

1665 3932 1734 3994 vi,
1776 3938 1869 3981 376
1960 3933 2121 3983 vitem
2172 3933 2418 3983 nodosum
2482 3930 2737 3995 tangebat

1664 3998 1859 4046 vertice
1894 3996 2002 4057 viii,
2035 4002 2131 4046 247
2209 4012 2369 4061 posce
2408 3996 2584 4045 libello
2623 3996 2733 4056 xiv,

1667 4065 1757 4110 193
1825 4061 2015 4109 vitibus
2036 4060 2290 4111 foecundis
2314 4075 2439 4124 ager
2461 4067 2514 4109 te
2548 4060 2736 4123 implet

1664 4126 1734 4185 ix,
1751 4129 1817 4174 66
1883 4126 1936 4173 in
1958 4126 2146 4176 vitibus
2164 4127 2343 4189 quales
2366 4124 2597 4188 fuerunt,
2618 4137 2734 4174 uva

1664 4191 1719 4239 xi
1761 4194 1826 4239 72

1724 4227 1929 4305 ²Vitium
1951 4269 2101 4306 omne
2122 4255 2176 4305 in
2205 4254 2467 4320 precipiti
2504 4252 2659 4304 stetit
2696 4252 2733 4312 i,

1654 2644 1823 2708 portio
1869 2645 1945 2703 ix,
1974 2649 2068 2693 127
2150 2646 2269 2694 tulis
2321 2659 2390 2708 qu
