3050 4913
426 318 604 385 lxxx

491 478 753 529 Livldulus
776 478 818 527 si
844 479 931 542 sis,
952 477 1186 529 invideas
1201 477 1280 527 his
1299 480 1374 544 xi,
1393 483 1489 529 110

490 544 728 594 Livor-em
773 558 876 593 uva
913 550 1195 606 conspecta
1230 544 1378 594 ducit
1420 544 1488 594 ab

425 623 527 658 uva
547 608 605 669 ii,
642 613 702 658 81
773 607 1021 658 livoribus
1041 609 1250 658 tumidis
1286 610 1488 672 nigram

423 673 478 722 in
500 671 636 723 facie
659 671 818 724 offam
835 673 940 736 xvi,
962 678 1019 722 11

488 737 742 787 Loeamus
788 744 842 787 te
886 738 1018 787 coelo
1041 749 1094 798 x,
1138 740 1236 786 866
1300 737 1487 787 locasti

425 815 607 851 vocem
628 802 820 866 sipario
847 802 951 865 viii,
974 806 1067 852 185
1136 802 1373 852 locantur
1393 802 1487 852 Ju-

424 865 550 915 daeis
582 866 800 917 delubra
826 866 899 929 iii,
942 870 1003 916 18
1070 866 1242 916 locata
1282 866 1487 916 cervice

418 930 492 993 ix,
515 934 608 981 148
676 931 895 991 Locare,
928 936 985 981 et
1007 936 1176 980 contr.
1195 930 1488 981 conducere

421 1010 466 1044 s.
489 995 741 1046 redimere
760 995 837 1056 iii,
859 1000 918 1044 81
946 1010 969 1043 s
1011 1031 1025 1045 .

487 1059 692 1110 Loculis
712 1060 981 1111 comitanti
1020 1073 1079 1108 us
1101 1058 1207 1109 itur
1224 1057 1290 1109 ad
1313 1073 1486 1109 casum

421 1123 616 1174 tabulae
639 1125 677 1186 i,
699 1129 764 1173 89
809 1124 1017 1174 eburnis
1035 1124 1325 1173 custoditur
1347 1138 1485 1186 gem·

419 1203 504 1238 ma
524 1189 636 1251 xiii,
661 1193 756 1238 189
820 1189 871 1237 in
910 1188 1087 1238 loculis
1111 1186 1320 1237 defossa
1340 1203 1485 1251 spor-

419 1253 532 1302 tula
552 1268 607 1314 x,
626 1258 692 1303 46
755 1252 810 1302 in
831 1253 1015 1303 loculis
1040 1267 1156 1301 cum
1177 1252 1244 1302 sit
1279 1251 1375 1302 tibi
1399 1268 1485 1316 go·

421 1316 505 1367 bio
530 1323 749 1380 tantum,
771 1332 874 1367 non
889 1317 1098 1366 mullum
1127 1317 1305 1380 cupias
1324 1317 1394 1378 xi,
1416 1320 1480 1366 88

482 1382 739 1447 Locuples
762 1398 879 1447 quae
916 1382 1095 1446 nupsit
1132 1395 1306 1442 avaro,
1329 1380 1482 1431 vidua

416 1446 569 1504 estvi
634 1451 726 1497 141
793 1455 853 1496 nt
888 1446 1141 1506 moriaris,
1179 1446 1380 1520 egentis
1406 1446 1480 1495 vi·

416 1525 541 1560 vere
560 1482 669 1560 {tato
685 1511 791 1572 xiv,
811 1514 902 1561 187
969 1511 1166 1561 Gallita
1187 1511 1278 1572 xii,
1296 1514 1363 1559 99
1405 1510 1479 1560 lo·

416 1575 679 1639 cupletem
700 1573 986 1639 podagram
1008 1575 1119 1636 xiii,
1141 1578 1206 1623 96
1255 1575 1478 1638 aquilam

417 1645 475 1689 ut
500 1640 597 1689 tibi
619 1640 966 1705 sexagesimus
988 1654 1148 1689 annus
1171 1636 1354 1689 afferat
1374 1640 1479 1704 xiv,

482 1770 649 1820 Locus
671 1768 723 1819 iu
746 1767 875 1818 urbe
890 1767 1060 1817 nullus
1079 1766 1273 1817 artibus
1293 1768 1476 1817 hones·

415 1833 480 1882 tis
496 1833 571 1899 ili,
590 1837 656 1884 22
720 1848 944 1883 summus
968 1833 1108 1881 nulla
1126 1847 1226 1880 non
1250 1840 1365 1882 arte
1390 1847 1476 1896 pe·

416 1897 543 1947 titus
566 1913 619 1960 x,
655 1902 749 1948 110
831 1912 934 1946 non
978 1905 1060 1946 est
1099 1898 1332 1946 Romano
1370 1897 1478 1946 cui-

414 1977 570 2025 quam
592 1962 695 2021 hic,
720 1962 806 2011 ubi
848 1969 1032 2025 regnat
1055 1961 1381 2025 Protogenes
1403 1961 1477 2024 iii,

416 2030 510 2076 119
593 2026 709 2090 quis
753 2026 959 2089 ingenio
982 2026 1069 2086 vii,
1111 2029 1175 2076 68
1254 2031 1475 2089 uterque

411 2089 524 2139 odit
548 2090 751 2138 numina
783 2089 1067 2138 vicinorum
1090 2104 1178 2150 xv,
1196 2093 1259 2139 87
1304 2089 1473 2138 locum

414 2167 532 2202 cum
568 2154 659 2202 ille
692 2153 839 2202 dedit
859 2153 909 2202 vi
965 2158 1062 2203 542
1127 2151 1411 2204 defendere
1436 2154 1473 2215 i,

417 2222 510 2267 108
576 2218 688 2266 loco
711 2217 879 2280 primo
900 2189 1002 2281 fige
1022 2233 1074 2279 ν,
1118 2222 1181 2266 12
1248 2219 1361 2268 loco
1384 2232 1474 2282 pa-

414 2281 576 2331 rentis
599 2296 712 2330 esse
737 2289 1114 2345 praeceptorem
1138 2282 1223 2344 vii,
1237 2287 1334 2331 210
1401 2283 1473 2332 lo·

412 2360 498 2396 cos
533 2351 692 2410 atque
736 2346 1040 2410 principium
1076 2346 1229 2396 Celso
1269 2347 1471 2398 dictare

409 2418 605 2476 parata
630 2410 699 2475 vi,
717 2414 813 2460 245

476 2476 699 2525 Locusta
716 2474 898 2525 melior
916 2474 1143 2526 instituit
1160 2475 1468 2542 propinquas

410 2540 580 2601 nigros
596 2538 782 2589 efferre
800 2539 1008 2589 maritos
1027 2541 1063 2601 i,
1082 2545 1143 2590 71

474 2605 669 2655 Lodice
688 2606 752 2654 de
776 2603 1007 2668 paranda
1027 2605 1113 2668 vii,
1150 2609 1216 2654 66
1279 2604 1376 2654 sub
1398 2606 1470 2655 lo-

409 2667 527 2719 dice
552 2669 748 2719 relictis
770 2670 842 2729 vi,
867 2674 958 2718 195

474 2734 652 2797 Longe
675 2734 962 2797 Megalesia
995 2747 1027 2781 a
1058 2732 1288 2782 Plebeiis
1312 2733 1381 2794 vi,
1402 2736 1468 2783 09

444 2799 591 2847 etitis
633 2799 735 2860 xiv,
773 2802 838 2846 89
919 2797 1227 2859 conspicuus
1262 2798 1331 2860 vi,
1371 2801 1466 2846 874

426 2873 600 2913 errata
653 2862 830 2909 domus
874 2860 963 2922 vii,
1003 2864 1066 2909 41
1095 2868 1100 2875 ·
1152 2868 1208 2910 ut
1243 2869 1469 2925 repetas,

401 2926 655 2989 longeque
701 2926 935 2975 revolvas
983 2939 1170 2974 nomen
1212 2926 1320 2988 viii,
1369 2930 1465 2974 272

404 2990 703 3054 relinquunt
753 2990 958 3039 ltaliam
980 2990 1074 3052 xii,
1127 2994 1192 3039 77
1279 2990 1466 3040 relicta

409 3054 571 3117 Calpe
593 3055 702 3114 xiv,
721 3057 820 3103 279

468 3119 757 3183 Longinum
799 3119 949 3182 jussu
999 3119 1225 3169 Neronis
1280 3119 1465 3169 clausit

402 3182 620 3248 ejusque
657 3184 796 3233 aedes
830 3183 1038 3234 obsedit
1060 3192 1173 3234 tota
1206 3184 1389 3234 cohors
1412 3200 1465 3248 x,

468 3311 674 3373 Longus
697 3326 908 3375 serpens
930 3312 996 3372 vi,
1017 3315 1114 3360 482
1148 3312 1298 3371 longa
1320 3312 1462 3362 abies

400 3375 473 3438 iii,
491 3380 588 3426 254
656 3375 957 3425 redimicula
976 3377 1029 3439 ii,
1068 3380 1131 3425 84
1198 3377 1459 3426 cunctatio

398 3441 470 3503 vi,
508 3444 601 3490 221
685 3441 886 3503 pulpita
905 3441 974 3500 vi,
1018 3445 1082 3489 78
1165 3442 1323 3490 saliva
1355 3456 1460 3489 ma·

399 3505 577 3554 nantia
612 3505 758 3553 labra
783 3506 854 3567 vi,
895 3509 991 3553 023
1075 3505 1263 3568 pagina
1306 3506 1459 3554 bono-

399 3584 511 3618 rum
535 3585 589 3630 x,
613 3574 674 3617 57
743 3569 929 3633 gandia
961 3568 1100 3617 feras
1123 3570 1267 3632 hujus
1305 3569 1484 3630 origi·‚

399 3635 479 3684 nis
502 3634 607 3695 viii,
626 3638 690 3682 47
757 3634 866 3682 dies
882 3633 1002 3698 qnid
1028 3635 1250 3683 contulit
1270 3649 1323 3695 x,
1355 3638 1451 3683 265

399 3705 639 3748 senectus
658 3713 709 3759 x,
747 3703 861 3747 190.
896 3698 1001 3758 xiv,
1040 3703 1134 3746 251
1225 3713 1325 3747 uva
1347 3698 1455 3762 xiii,

398 3768 463 3812 68
529 3769 683 3825 gente
718 3763 954 3811 deductis
995 3763 1293 3826 propinquis
1340 3763 1452 3824 xiii,

397 3830 493 3876 207
562 3832 793 3888 tempora
830 3828 953 3876 vitae
977 3828 1080 3889 xiv,
1117 3832 1211 3876 158
1278 3828 1452 3876 cathe-

396 3891 491 3938 dra
513 3889 664 3950 ix,52
730 3891 870 3955 longi
897 3890 1067 3940 diurni
1088 3893 1156 3952 vi,
1176 3895 1271 3940 483
1308 3894 1451 3941 nervi

393 3966 632 4003 mensura
668 3954 930 4015 incognita
972 3956 1041 4016 ix,
1083 3960 1145 4003 84
1233 3956 1451 4018 agminis

393 4033 447 4079 x,
481 4020 545 4066 44
634 4019 834 4066 servitii
860 4020 929 4080 iii,
968 4024 1062 4068 124
1150 4020 1356 4081 longum
1397 4028 1452 4070 et

392 4080 680 4133 miserabile
704 4083 927 4131 attendit
951 4086 1100 4145 vi,65
1167 4096 1345 4131 aurum
1384 4084 1452 4145 vi,

391 4152 490 4197 589
575 4161 743 4210 syrma
768 4147 874 4208 viii,
924 4152 1024 4196 229
1109 4161 1268 4211 usque
1320 4148 1451 4196 adeo

395 4212 703 4278 tardumque
742 4212 950 4278 putavit
984 4219 1270 4281 expectare
1305 4210 1449 4262 focos

1281 336 1530 385 INDEX
1583 336 1852 386 RERUM

1569 493 1655 542 xv,
1690 482 1756 529 82
1841 492 2029 528 annum
2053 479 2122 543 vi,
2160 482 2259 529 589
2342 479 2535 531 collum
2558 481 2631 545 iii,

1564 547 1630 592 88
1696 544 1849 607 longo
1871 551 2084 608 pectore
2105 559 2156 607 v,
2196 548 2261 593 80
2323 543 2376 593 in
2414 558 2629 597 carcere

1565 614 1855 657 castrorum
1899 609 1969 672 vi,
2010 613 2104 658 561
2202 623 2371 658 assere
2406 609 2493 673 vii,
2531 614 2628 662 188

1564 672 1810 736 sanguine
1831 673 2029 723 censeri
2045 672 2150 735 viii,
2189 677 2217 723 l
2286 673 2461 737 galero
2484 674 2629 737 spira

1552 735 1786 799 jactetur
1803 737 1908 798 viii,
1927 741 2025 786 209
2090 752 2195 787 non
2217 744 2450 801 tempore
2468 739 2626 790 visam

1560 801 1633 863 xi,
1651 805 1746 850 152
1810 802 2072 865 longorum
2126 803 2366 865 Syrorum
2418 803 2625 854 cervice

1561 864 1633 925 vi,
1674 869 1767 915 851
1836 867 2018 930 longos
2052 866 2255 916 habitus
2293 874 2348 917 ct
2391 865 2627 921 flammea

1562 930 1747 979 sumsit
1774 929 1830 991 ii,
1871 934 1965 979 124
2055 945 2221 979 ramos
2263 933 2436 981 erexit
2460 932 2626 994 janua

1561 994 1654 1054 xii,
1694 998 1755 1044 91
1823 995 2025 1044 labores
2048 1003 2335 1045 castrorum
2358 994 2493 1045 ferre
2513 998 2625 1061 xiv,

1563 1061 1656 1108 198
1722 1060 1887 1121 longis
1930 1059 2226 1122 siphonibus
2270 1060 2492 1123 implent
2512 1059 2622 1111 effi-

1560 1122 1696 1185 giem
1718 1123 1832 1173 deae
1856 1123 1925 1187 vi,
1942 1128 2039 1172 810
2103 1124 2350 1175 columnis
2373 1125 2619 1176 Numida-

1560 1200 1673 1236 rum
1699 1187 1832 1236 fulta
1856 1189 1945 1251 vii,
1985 1193 2080 1238 182
2167 1189 2365 1252 longior
2405 1204 2545 1239 mora
2562 1192 2620 1252 ii,

1562 1254 1654 1300 167
1740 1252 2068 1315 longissimus
2107 1252 2234 1302 ordo
2277 1252 2519 1303 comitum
2544 1254 2623 1316 iii,

1557 1319 1655 1365 284
1721 1317 2020 1380 longissima
2040 1332 2201 1367 eoenae
2225 1331 2343 1381 spes
2366 1318 2403 1378 i,
2425 1322 2518 1367 188

1622 1381 1852 1445 Loquaci
1873 1381 1994 1432 nido
2016 1382 2264 1445 gaudebit
2289 1397 2338 1442 v,
2363 1386 2457 1431 142

1625 1445 1829 1510 Loquor
1860 1445 1927 1495 de
1965 1460 2026 1494 eo
2071 1447 2176 1507 xiv,
2230 1451 2322 1495 115
2389 1447 2618 1511 loquitur

1546 1507 1657 1571 jam
1703 1510 1871 1558 Thule
1916 1509 1983 1560 de
2021 1511 2360 1560 conducendo
2407 1512 2617 1563 rhetore

1553 1587 1642 1630 κν,
1684 1577 1778 1623 112
1855 1574 2132 1639 loquuntur
2179 1576 2268 1638 qui
2312 1575 2378 1625 de
2420 1577 2618 1640 magnis

1553 1638 1748 1701 majora
1770 1638 1841 1701 ir,
1880 1644 1942 1689 17
2008 1654 2131 1690 vera
2157 1640 2264 1701 xvi,
2305 1643 2368 1689 88
2434 1641 2616 1705 loquar

1553 1716 1758 1752 carmen
1798 1711 2106 1769 coctumque
2153 1718 2405 1754 venenum
2426 1706 2495 1765 vi,
2518 1709 2612 1756 188

1552 1767 1825 1831 loquentur
1845 1769 2099 1832 jumenta,
2115 1776 2172 1818 et
2188 1768 2346 1825 cauis,
2365 1776 2420 1818 et
2437 1776 2613 1833 postes

1553 1838 1609 1880 et
1630 1846 1902 1893 marmora,
1925 1835 2060 1883 servi
2086 1840 2143 1883 ut
2182 1840 2391 1883 taceant
2409 1834 2480 1896 ix,
2519 1839 2611 1884 108

1549 1896 1794 1960 loquatur
1822 1912 1919 1948 nec
1953 1897 2263 1958 causidicus,
2302 1912 2401 1949 nec
2440 1912 2612 1962 praeco

1551 1966 1656 2010 cet.
1680 1962 1749 2024 vi,
1781 1964 1880 2011 489
1944 1977 2011 2012 en
2034 1963 2253 2011 animam
2275 1971 2330 2012 et
2364 1971 2611 2026 mentem,

1550 2038 1667 2073 cum
1703 2040 1806 2090 qua
1842 2026 1916 2076 Di
1939 2034 2095 2076 nocte
2119 2028 2399 2091 loquantur
2417 2028 2488 2089 vi,
2511 2031 2608 2079 581

1550 2088 1687 2153 loqui
1731 2090 1918 2141 mulier
1940 2091 2056 2155 ipsa
2098 2091 2325 2152 videtur,
2366 2106 2467 2141 non
2493 2107 2613 2156 per-

1549 2166 1671 2201 sona
1694 2153 1767 2216 iii,
1783 2159 1846 2204 96
1912 2165 2059 2205 recta
2077 2153 2213 2205 faeie
2230 2162 2489 2219 praesente
2504 2172 2610 2206 ma-

1549 2216 1650 2265 rito
1689 2232 1805 2267 cum
1840 2218 2059 2270 ducibus
2083 2220 2152 2279 vi,
2188 2224 2283 2268 401
2364 2220 2609 2284 loquendi

1548 2282 1749 2330 ratione
1765 2289 1820 2332 et
1833 2284 1949 2347 lege
1965 2290 2173 2335 servata
2189 2283 2258 2344 vi,
2278 2287 2374 2333 458
2440 2283 2609 2336 fracta

1547 2359 1675 2395 voce
1721 2347 1933 2398 libertas
1955 2349 2009 2412 ii,
2049 2353 2140 2397 111
2226 2348 2447 2397 locuturi
2487 2362 2607 2401 cum

1547 2417 1773 2473 tyranno
1797 2412 1861 2463 de
1886 2413 2092 2477 pluviis,
2127 2419 2219 2464 aut
2252 2413 2480 2478 aestibus,
2513 2419 2606 2466 aut

1545 2475 1777 2526 nimboso
1802 2492 1923 2528 vere
1957 2478 2119 2529 fatum
2162 2478 2423 2543 pendebat
2454 2479 2609 2529 amici

1544 2539 1694 2602 iv,88
1759 2542 1920 2592 locuti
1944 2543 2009 2592 de
2044 2543 2237 2594 virtute
2271 2543 2473 2594 clunem
2501 2544 2608 2609 agi·

1545 2610 1658 2654 tant
1678 2605 1731 2668 ii,
1752 2610 1816 2654 20

1543 2733 1579 2781 h
1611 2670 1794 2718 Lorica
1816 2669 1969 2721 affixa
1993 2670 2201 2735 tropaeis
2225 2686 2277 2734 x,
2301 2674 2395 2721 184
2429 2671 2602 2722 Achil·

1564 2733 1604 2781 's
1628 2734 1699 2797 xi,
1717 2738 1781 2783 80

1609 2797 1915 2861 Loripedem
1960 2804 2132 2848 rectus
2173 2798 2410 2849 derideat
2446 2799 2503 2864 ii,
2535 2804 2600 2852 28

1542 2869 1910 2924 praetextatum
1933 2878 1987 2925 x,
2009 2868 2106 2913 808

1606 2927 1740 2975 Loro
1763 2941 1952 2976 arcano
1988 2927 2224 2977 nutantia
2245 2942 2391 2977 sacra
2427 2928 2600 2981 ferens

1541 2988 1594 3051 ii,
1636 2995 1727 3040 125
1806 2991 1873 3039 de
1917 3006 2145 3055 paupere
2190 2992 2389 3056 signnm
2434 2994 2603 3058 (bulla

1539 3052 1768 3120 scortea)
1790 3071 1841 3117 V,
1886 3059 1977 3105 165
2067 3059 2176 3104 lora
2220 3056 2434 3107 tenebat
2456 3058 2492 3122 i,
2534 3063 2596 3109 61

1539 3118 1660 3168 loris
1679 3119 1952 3172 concidere
1971 3120 2039 3183 vi,
2055 3124 2151 3170 414

1604 3183 1853 3234 Lubricat
1869 3185 2044 3234 orbem
2069 3185 2346 3247 pytismate
2367 3185 2435 3245 xi,
2454 3189 2549 3236 178

1570 3249 1839 3360 8Lucanos
1881 3256 1970 3298 aut
2002 3250 2176 3298 Tusca
2215 3251 2473 3312 ergastula
2492 3250 2601 3315 viii,

1604 3378 1840 3426 Lucanus
1862 3382 2137 3426 contentus
2154 3375 2293 3428 fama
2305 3379 2487 3443 jaceat
2510 3376 2598 3442 vii,

1535 3443 1601 3488 79
1665 3441 1777 3503 ejus
1800 3441 1997 3491 divitiae
2023 3442 2109 3504 vii,
2127 3446 2192 3490 79
2454 3458 2459 3463 ·

1600 3504 1823 3554 Lucebis
1867 3507 1919 3555 in
1957 3506 2048 3555 illa
2085 3505 2241 3567 taeda,
2264 3520 2366 3571 qua
2398 3511 2596 3557 stantes

1533 3566 1736 3619 fumant
1761 3570 1795 3632 i,
1820 3574 1912 3619 155

1598 3634 1836 3683 Lucerna
1858 3633 2121 3683 Venusina
2135 3635 2245 3683 liu-c
2262 3648 2366 3682 non
2384 3634 2595 3685 credam

1532 3696 1684 3761 digna
1707 3699 1742 3759 i,
1766 3703 1826 3746 51
1894 3700 2120 3749 lucernae
2160 3695 2303 3747 fumo
2346 3697 2485 3749 foed·
2517 3700 2593 3748 lu·

1567 3762 1736 3810 anaris
1760 3762 1826 3823 vi,
1861 3766 1952 3811 181
2022 3764 2170 3812 siccae
2193 3777 2285 3811 ora
2324 3762 2593 3812 lambenti·

1569 3841 1627 3873 us
1674 3827 1890 3875 canibus
1936 3826 2040 3887 viii,
2078 3831 2139 3875 85
2209 3828 2445 3875 lucernas
2478 3827 2591 3890 jam

1529 3898 1783 4004 ffizzssaff
1807 3891 2592 4016 dfissdssffdffv303⁵pessssss¹tdssffl

1528 4024 1622 4067 225
1692 4027 1812 4068 ante
1851 4021 2084 4069 lucernas
2126 4018 2447 4082 pereundum
2486 4019 2591 4069 erit

1527 4098 1582 4143 x,
1637 4087 1734 4143 889
1809 4084 2032 4133 lucernis
2086 4083 2300 4145 geminis
2353 4083 2590 4148 exsurgit

1507 4162 1705 4196 ‘mensa
1729 4147 1797 4207 vi,
1828 4153 1923 4197 805
1991 4148 2254 4197 matutinis
2289 4147 2522 4211 operitur
2543 4162 2588 4199 s.

1527 4216 1773 4277 operatur
1779 4213 1946 4276 janua
1968 4209 2104 4262 festa
2125 4211 2217 4276 xii,
2239 4216 2304 4262 92
