3050 4913
1148 430 1393 480 ranst!

334 573 764 638 Luam—Balbo]
830 575 949 624 Hoc
971 574 1106 623 enim
1133 575 1298 624 solnm
1323 590 1410 625 vo-

334 651 434 700 luit
457 648 767 713 significare,
799 651 1089 700 naturalem
1127 650 1267 699 vocis
1305 665 1409 699 mo-

335 727 460 775 dum
502 726 569 775 ab
615 728 730 775 istis
775 724 1093 776 effoemiuari.
1176 727 1258 775 De
1294 742 1410 776 nare

334 805 478 869 loqui
525 804 788 865 dicuntur,
834 805 1018 867 quibus
1064 803 1276 868 spiritus
1322 804 1409 869 qui

335 897 434 945 per
462 895 613 931 nares
636 883 743 930 exit
767 896 869 931 non
894 881 1055 930 libere
1077 878 1210 941 fluit,
1230 880 1296 929 ob
1321 896 1409 929 an-

332 958 556 1021 gustiam
600 958 845 1007 tramitis.
915 956 1119 1007 casaub.
1203 955 1408 1007 Turneb.

335 1049 547 1085 xxvm.
573 1040 656 1086 ὃὸ.

400 1116 464 1161 34
500 1112 765 1175 Phyllidas,
787 1113 895 1176 ὅτι]
965 1111 1029 1160 ld
1054 1118 1155 1173 est,
1191 1111 1409 1160 Misera-

333 1189 467 1238 biles
484 1191 827 1254 'l'ragicorum
849 1190 1113 1251 materias,
1138 1198 1195 1240 ut
1217 1190 1412 1254 Phylli·

331 1266 453 1315 dem
488 1281 521 1315 a
544 1267 966 1330 Demophoonte‚
992 1266 1336 1330 Hypsipylen·
1377 1282 1409 1316 a

331 1343 530 1394 Jasone
572 1343 851 1407 desertam,
894 1349 950 1392 et
991 1342 1094 1391 alia
1148 1341 1304 1392 balba
1340 1342 1407 1391 de

331 1431 458 1467 nare
504 1418 726 1483 eliquat,
770 1417 823 1466 id
868 1424 967 1479 est,
1016 1415 1321 1481 imperfecte
1352 1426 1410 1467 et

334 1494 497 1543 blaese
538 1494 757 1558 quadarn
798 1493 943 1557 quasi
982 1493 1166 1554 linguae
1205 1494 1410 1543 haesita-

332 1572 479 1621 tione
553 1569 891 1620 balbutiendo
956 1570 1101 1635 qnasi
1157 1571 1407 1633 percolat.

333 1648 564 1697 Turneb.
589 1662 795 1698 xxvnt.
819 1646 1245 1712 4⁰.—Plnyue·das]
1285 1648 1409 1697 Car-

333 1739 451 1773 men
488 1726 554 1775 de
593 1725 850 1789 Phyllide.
920 1725 987 1773 Et
1010 1725 1084 1773 ita
1124 1732 1201 1773 est
1237 1725 1407 1773 Meto·

330 1816 470 1867 nym.
523 1801 759 1865 subjecti
823 1817 918 1865 pro
974 1800 1254 1865 Adjuncto.
1339 1802 1408 1850 Et

332 1879 671 1941 synecdoche
696 1878 908 1942 pluralis
947 1891 1042 1939 pro
1080 1876 1410 1939 singulari.—

341 1955 536 2012 Vatam,
556 1955 665 2018 lym]
719 1953 781 2003 Id
807 1960 905 2015 est,
925 1953 980 2001 Si
1005 1953 1127 2016 quid
1153 1960 1411 2015 praeterea

332 2029 523 2079 'Poiitae
546 2030 816 2093 Tragicnm
848 2030 1188 2093 scripserunt,
1225 2036 1282 2078 et
1318 2030 1408 2079 rni-

332 2108 577 2165 serabile,
602 2115 657 2156 et
681 2107 723 2154 si
747 2105 872 2171 quid
898 2112 1154 2170 praeterea
1178 2106 1409 2156 lacrima-

332 2182 464 2244 bile,
499 2198 529 2232 a
564 2184 804 2248 Tragicis
843 2184 1089 2247 scripturn
1125 2191 1223 2233 est.
1289 2184 1408 2233 Ele·

331 2261 445 2322 glas
469 2260 806 2309 casaubonus
830 2259 1223 2321 interpretatur.

401 2339 464 2385 35
508 2338 719 2400 Eliorum,
741 2335 845 2398 δἐι]
914 2337 1008 2385 Est
1032 2336 1113 2385 hic
1141 2338 1408 2387 translatio

331 2426 364 2462 a
404 2426 563 2463 sacco
600 2419 655 2463 et
688 2414 804 2462 colo
842 2413 1059 2474 vinario,
1098 2427 1198 2478 quo
1232 2416 1407 2463 vinum

330 2489 679 2540 transmissum
728 2487 1000 2538 defecatur
1045 2499 1101 2539 et
1158 2491 1406 2555 liquidnm

332 2566 591 2615 redditur.
657 2567 786 2615 Vult
822 2567 956 2615 enirn
994 2567 1107 2625 hoc.
1132 2569 1269 2632 quod
1304 2583 1406 2616 uon

331 2651 519 2706 aperta
562 2658 689 2692 voce
726 2642 887 2691 verba
925 2643 1125 2702 efferat,
1149 2645 1239 2692 sed
1283 2659 1405 2693 voce

327 2722 473 2784 qnasi
523 2720 843 2784 strangulata
886 2722 1212 2783 pronunciet,
1252 2729 1309 2770 ut
1344 2736 1406 2771 co

331 2798 541 2846 suavior
562 2797 872 2846 redderetur
891 2798 1279 2860 pronunciatio:
1310 2799 1408 2859 vel,

332 2884 390 2922 ut
430 2873 649 2923 Parnab.
693 2875 822 2936 vult,
858 2875 1090 2941 ‘Liquida
1127 2891 1251 2925 voce
1295 2891 1407 2939 pro·

333 2952 566 3002 nunciat.
639 2951 966 3012 Lesbia—Et,
1018 2952 1125 3015 ssa]
1218 2952 1407 3015 Eliquut

333 3030 641 3078 translatum
665 3044 697 3077 a
725 3029 964 3088 metalli«,
988 3038 1042 3078 et
1069 3028 1117 3077 id
1144 3043 1303 3092 genus
1329 3043 1405 3078 re·-

331 3105 445 3164 bu·‚
467 3119 582 3169 quoe
606 3113 790 3155 natura
829 3121 924 3154 sua
963 3114 1249 3170 compacta:
1285 3113 1407 3157 sunt

328 3192 385 3230 et
410 3182 587 3230 durae:
640 3197 756 3231 cum
793 3183 1075 3246 liquantur,
1097 3183 1406 3233 mollescunt

328 3266 389 3306 et
442 3266 838 3322 corrumpuntur
871 3275 883 3306 ε
953 3258 1028 3308 sic
1086 3258 1171 3307 isti
1227 3273 1405 3307 vocem

331 3347 485 3396 quam
527 3349 557 3383 a
603 3342 788 3382 natura
833 3339 1148 3396 acceperant
1187 3333 1407 3395 virilem,

328 3408 611 3459 delicatam
637 3411 862 3460 reddunt
885 3425 945 3458 ac
971 3408 1277 3457 soemineam.
1315 3413 1407 3460 Cn-

328 3485 604 3534 aaub.—Et
627 3492 805 3546 teano,
828 3484 933 3548 δῖα]
969 3484 1032 3533 Id
1057 3493 1156 3547 est,
1177 3485 1406 3533 Mollius·

332 3561 448 3609 cnle
489 3570 544 3610 et
584 3561 937 3610 blandiuscule
973 3561 1282 3624 pronunciat
1318 3576 1404 3623 pa-

333 3638 441 3686 lato
467 3645 666 3699 tenero,
699 3653 829 3686 voce
865 3637 1102 3698 molli,et
1136 3637 1211 3686 ita
1245 3637 1406 3686 verba

330 3723 580 3763 enervata
617 3715 782 3779 qnasi,
819 3714 1247 3777 pronunciatione
1268 3714 1405 3763 fran-

328 3792 424 3855 git,
446 3791 719 3853 subvertit,
736 3800 792 3840 et
815 3791 962 3856 quasi
985 3791 1198 3840 mutatis
1223 3805 1405 3839 accen-

331 3866 471 3915 tibus
511 3865 767 3915 decurtat.
859 3867 952 3914 Est
992 3880 1115 3929 ergo
1155 3867 1283 3915 mira
1322 3867 1405 3917 hic

328 3944 640 4007 metaphora
662 3944 716 3991 in
749 3944 1038 4006 supplodat,
1058 3943 1220 3994 ducta
1243 3959 1274 3992 a
1299 3947 1404 3993 luc-

333 4025 406 4080 ta,
430 4019 484 4068 in
512 4036 611 4083 qna
646 4018 833 4069 fortior
872 4020 1263 4070 imbecilliorem
1290 4037 1406 4085 sup·

328 4096 499 4158 posito
526 4097 660 4158 pede
680 4097 973 4159 sapplantat.
1012 4097 1111 4145 hoc
1146 4103 1243 4155 est,
1278 4097 1407 4160 deji-

328 4176 420 4223 cit.
470 4172 1023 4236 Labin.-Sapplanaeat,
1048 4174 1155 4237 lfa]
1205 4175 1402 4223 Vocem

328 4250 619 4299 naturalem
659 4264 720 4297 ac
757 4249 1020 4297 robustam
1059 4256 1173 4298 arte
1209 4248 1404 4312 frangit

1482 578 1805 640 supplantare,
1855 577 2158 637 abner-em,
2210 574 2557 639 ὁτοσιιιλίζειν,

1482 653 1777 716 repa-risum
1831 670 1946 718 quae
1973 660 2186 704 venuste
2211 653 2276 702 ad
2301 668 2365 702 ea
2402 653 2560 717 signi-

1484 728 1685 779 ficanda
1738 730 2137 791 transferuntur,
2180 746 2292 794 qua·
2338 744 2443 779 non
2488 745 2556 780 ex

1485 822 1610 855 vera
1634 809 1827 857 virtute
1852 809 2003 858 fiunt.
2079 809 2231 859 Verba
2252 810 2557 872 “mantare

1481 884 1643 945 palato
1683 893 1785 946 est,
1808 900 1907 934 nou
1949 886 2080 935 bene
2118 901 2216 935 nec
2253 886 2406 949 plene
2440 901 2556 949 pro-

1483 962 1742 1020 nuntiare‚
1767 961 1856 1010 sed
1881 962 2108 1011 molliter
2146 962 2321 1025 palato
2354 962 2558 1013 illidere

1485 1044 1540 1085 et
1564 1036 1869 1099 infringere,
1891 1048 1946 1087 ut
1971 1039 2128 1087 blaese
2167 1046 2224 1087 et
2256 1038 2457 1088 dulcius
2477 1053 2558 1089 so·

1484 1119 1627 1172 nent,
1646 1127 1747 1162 non
1775 1114 2009 1163 viriliter.
2064 1114 2264 1165 Casu-cb.
2328 1115 2558 1167 Turneb-

1484 1202 1689 1239 xxvur.
1712 1194 1794 1239 26.

1548 1270 1612 1315 36
1646 1266 1931 1329 Δώσω-σαὶ]
1954 1268 2102 1317 Dicit
2124 1274 2298 1318 autem
2323 1269 2556 1321 hocloco

1480 1342 1597 1400 viri,
1629 1344 1937 1407 Emphatice
1976 1351 2030 1393 et
2065 1345 2287 1395 Ironice.
2355 1346 2420 1396 ld
2455 1355 2557 1411 eat,

1484 1420 1674 1468 Molles
1700 1420 1961 1470 auditores
1986 1420 2361 1475 adclamarunt.
2417 1424 2554 1474 Vide

1486 432 1650 483 SAT.
1700 433 1751 481 Ι.

1484 1495 1645 1544 Mart.
1668 1496 1763 1559 Ep.
1789 1501 1838 1545 4.
1858 1496 1947 1545 lib.
1972 1510 2011 1545 ι.
2032 1499 2105 1547 th.
2133 1504 2179 1548 l.
2230 1500 2556 1563 Exprimitnr

1481 1579 1657 1620 autem
1712 1586 1901 1636 magna
1967 1573 2168 1623 vanitas
2232 1575 2552 1626 adulantium

1484 1647 1814 1696 convivarum
1840 1654 1896 1695 et
1914 1649 2063 1697 simul
2086 1651 2365 1699 eorundem
2390 1652 2554 1701 ebrie-

1486 1724 1795 1773 tas.—Nuc
1816 1725 1928 1788 ιιωι]
1975 1727 2106 1776 Post
2145 1728 2348 1778 illorum
2383 1744 2558 1779 assen-

1486 1801 1727 1862 tationes,
1751 1817 1813 1850 an
1838 1817 1940 1851 non
1967 1804 2040 1853 illi
2065 1812 2268 1854 mortuo
2292 1820 2406 1856 ossa
2426 1808 2553 1857 mol-

1482 1876 1604 1926 liter
1621 1878 1895 1941 quiescunt
1917 1879 2014 1928 sub
2052 1881 2195 1929 tenui
2222 1891 2274 1930 et
2298 1882 2407 1931 sine
2430 1897 2556 1947 pon·

1483 1953 1606 2001 dere
1629 1957 1801 2004 terra?
1853 1956 2075 2007 Ironice.
2129 1958 2552 2011 Parnm—Nm

1483 2044 1593 2090 ιιοιι,
1613 2032 1720 2095 ζα]
1755 2032 1980 2083 Possunt
2002 2034 2136 2083 enirn
2156 2036 2316 2086 verba
2336 2051 2556 2102 sequen·

1484 2105 1557 2153 tia
1580 2105 1860 2171 dupliciter
1883 2110 2103 2173 intelligi
2127 2127 2140 2159 2
2186 2112 2367 2161 Primo
2402 2112 2551 2177 quasi

1483 2181 1587 2230 sint
1611 2184 1839 2231 auctoris
1861 2185 2025 2233 nostri
2050 2185 2319 2235 indecoras
2343 2188 2454 2236 illas
2471 2202 2556 2238 ac-

1483 2257 1819 2307 clamationes
1862 2260 2178 2311 adulantium
2223 2264 2553 2313 convivarum

1483 2336 1617 2383 salse
1660 2335 1941 2386 irridentis.
2030 2338 2194 2389 Quasi
2240 2340 2415 2390 dicat:
2466 2341 2552 2390 An

1483 2425 1584 2460 non
1615 2412 1777 2461 l'oe‘ta
1805 2413 1988 2463 beatus
2011 2412 2212 2464 futurus
2231 2416 2300 2465 sit
2327 2424 2404 2467 tot
2436 2431 2555 2469 con-

1485 2488 1713 2536 vii-arum
1749 2489 1901 2538 laude
1925 2497 1979 2538 et
2003 2492 2290 2553 applausu?
2339 2492 2552 2542 Deinde

1483 2571 1541 2612 nt
1566 2564 1740 2625 potius
1763 2565 1868 2615 sint
1899 2566 2249 2626 convivarum,
2282 2567 2460 2629 inopte
2497 2574 2554 2618 et

1483 2641 1699 2690 ridicule
1725 2648 1980 2691 mortuum
2008 2642 2245 2699 poetam,
2272 2643 2418 2705 cujus
2442 2658 2554 2693 ver·

1483 2733 1569 2765 sus
1618 2717 1825 2767 recitati
1868 2724 1988 2766 suut
2032 2733 2062 2766 a
2103 2718 2263 2766 nobili
2303 2718 2557 2782 Romano,

1484 2795 2051 2860 laudantium—Ciuis]
2087 2797 2336 2861 Reliquiae
2358 2804 2414 2846 et
2438 2812 2557 2847 ossa

1483 2886 1597 2935 qua·
1613 2873 1663 2920 iu
1677 2874 1819 2922 urnis
1836 2873 2072 2923 solebant
2087 2873 2557 2937 servat—Poeta]

1483 2949 1571 2997 De
1613 2949 1781 2998 Po'e’ta
1820 2951 1988 3000 veteri
2032 2950 2377 3015 intelligenda
2418 2959 2559 3016 sunt,

1484 3025 1634 3088 cnjus
1659 3040 1838 3075 versus
1877 3027 1964 3076 ille
2004 3027 2212 3091 ineptus
2234 3029 2556 3078 declamator

1484 3105 1745 3154 recitavit.
1811 3105 1986 3155 Labin.

1548 3184 1611 3228 87
1649 3182 1759 3229 Νοιι
1781 3182 1946 3241 tector,
1968 3182 2073 3245 qt]
2109 3183 2188 3231 Ex
2214 3184 2554 3233 Ethnicornm

1485 3269 1612 3304 vana
1636 3257 2002 3320 superstitione
2036 3257 2252 3320 dictum,
2274 3260 2360 3323 qui
2385 3261 2554 3310 levem

1481 3333 1710 3395 humum,
1731 3341 1927 3383 terram
1949 3341 2003 3383 et
2028 3333 2252 3398 lapidem
2292 3337 2555 3399 sepulcra-

1481 3409 1584 3457 lem
1637 3416 1953 3458 mortuorum
2010 3409 2311 3468 amicornm,
2365 3410 2555 3473 quibus

1482 3482 1618 3534 bene
1657 3486 1868 3546 vellent,
1904 3485 2139 3550 reliquiis
2176 3493 2232 3536 et
2271 3485 2556 3548 cineribus,

1483 3562 1851 3623 precabantur.
1948 3563 2034 3611 Sic
2074 3562 2208 3611 dixit
2251 3562 2553 3612 Martialis:

1480 3638 1495 3662 ‘
1518 3636 1603 3685 sit
1629 3637 1724 3685 tibi
1747 3644 1886 3686 terra
1923 3636 2074 3695 levis,
2092 3636 2334 3700 mollique
2359 3639 2555 3700 tegaris

1485 3713 1679 3762 arena.⁹
1747 3713 1941 3762 Contra
1963 3720 2133 3761 antem
2174 3713 2257 3761 cui
2299 3714 2431 3763 male
2461 3715 2553 3764 im·

1483 3795 1840 3852 precarentur,
1861 3796 2051 3837 terram
2087 3788 2426 3851 ponderosam
2462 3805 2554 3855 op-

1484 3867 1683 3917 tabant..
1722 3866 2160 3930 laabim-Levior]
2210 3868 2399 3918 Ridere
2420 3870 2554 3921 libet

1481 3951 1718 3992 veterum
1738 3942 2009 3992 stultitiam
2036 3944 2124 4008 qui
2148 3945 2431 3995 amicornm
2462 3946 2552 3995 de-

1480 4017 1776 4068 functorum
1801 4018 1941 4066 urnis
1971 4018 2152 4082 cippos
2192 4030 2242 4067 et
2283 4024 2550 4072 columnas

1483 4109 1662 4158 graves
1706 4103 1761 4144 et
1805 4110 2115 4145 marmoreas
2159 4112 2275 4146 cum
2322 4100 2550 4162 impone-v

1481 4180 1614 4235 rent,
1651 4173 1904 4237 optabant
1943 4182 2112 4222 tamen
2147 4174 2325 4223 iisdem
2359 4181 2548 4224 terram

1479 4251 1667 4301 levem.
1718 4251 2190 4314 Casaab.—('ippaa]
2239 4251 2460 4314 Proprie
2483 4253 2550 4301 le-

330 4325 722 4390 accorrumpit.
789 4325 1041 4376 Palestrae
1081 4325 1241 4376 verba
1280 4333 1404 4377 sunt
1475 4327 1574 4390 pis,
1597 4326 1686 4392 qui
1721 4325 1776 4376 in
1815 4325 2050 4377 defuncti
2084 4327 2426 4376 monumentis
2448 4330 2572 4380 eri·¹
