3050 4913
1241 388 1538 439 surus.
1571 389 1655 437 n.
2450 369 2537 435 57

335 527 466 593 Illa
493 527 625 592 sibi
659 527 1009 591 introrsum
1033 531 1104 591 et
1129 527 1255 592 sub
1282 525 1507 607 lingua
1535 526 2017 589 immurmurat:
2065 522 2126 587 Ο
2156 523 2214 587 si

334 630 588 695 Ebullit
611 635 915 715 patruus,
943 628 1341 712 proeclarum
1368 626 1609 691 funus!
1654 629 1744 703 et,
1791 623 1853 688 Ο
1884 626 1944 689 si
2451 625 2538 689 10

321 813 554 879 fidelitas,
569 811 666 860 ista
696 817 863 875 operte
894 810 1241 875 postulantur,
1262 815 1403 873 utque
1428 810 1501 859 ita
1519 814 1574 858 ut
1590 814 1812 858 externus
1827 808 2075 873 percipiat.
2144 806 2219 857 At
2240 822 2424 857 avarus
2443 808 2541 857 ἧσο

331 892 505 941 scema,
535 877 679 940 intus,
700 882 747 925 et
785 875 870 926 sub
903 876 1067 939 ungu«
1105 878 1351 925 mese.-
1383 875 1568 924 umam
1595 876 1795 938 prodeat
1833 889 2006 939 ponpa
2037 872 2258 936 funebris
2304 878 2540 922 undussa

1259 1034 1611 1056 teeeeeeeeeee

339 1168 433 1219 sed
467 1167 666 1230 Graeci‚
698 1168 1064 1219 casaubon—9
1096 1174 1360 1219 murmurat
1400 1168 1595 1217 C.—-1o
1627 1166 1798 1216 abnuet
1822 1165 1968 1217 Edit.
1992 1165 2299 1231 steph—ll
2335 1163 2544 1230 crepidet

1335 1314 1549 1368 NOTAE

334 1442 511 1492 dinem
534 1443 707 1507 animi,
727 1444 919 1495 deiude
937 1447 1209 1511 corporis!
1483 1444 1753 1510 fragantur
1796 1450 1988 1506 tamen,
2019 1447 2076 1494 et
2119 1442 2316 1492 malunt
2356 1440 2545 1504 eballet,

404 1519 529 1568 Hoec
541 1519 693 1582 clere]
743 1520 980 1572 Honesta
1001 1522 1085 1573 illa
1114 1530 1234 1574 vota
1256 1539 1402 1587 aper·
1482 1522 1548 1572 ab
1586 1520 1750 1584 ebeno,
1795 1535 1880 1570 us.-
1909 1526 1968 1570 ut
2006 1519 2073 1568 sit
2103 1532 2297 1582 sensus,
2346 1517 2543 1566 utinam

339 1603 393 1644 te
418 1603 803 1659 nuncupantur,
824 1604 878 1646 et
901 1605 959 1648 ut
992 1599 1161 1649 audiri
1188 1600 1253 1649 ab
1287 1601 1400 1650 hos·
1483 1600 1626 1647 velut
1645 1597 1783 1647 hulla
1805 1602 2054 1661 appareat
2077 1601 2132 1644 et
2161 1592 2335 1644 statim
2363 1599 2547 1655 postea

334 1672 445 1737 pite
458 1686 560 1720 non
586 1672 752 1735 pudor
770 1674 866 1722 sit:
894 1674 995 1735 vel,
1018 1676 1130 1725 haec
1152 1676 1291 1725 clare
1311 1691 1399 1739 pe·
1481 1681 1786 1724 evanescat:
1812 1669 2086 1721 alludendo
2109 1669 2173 1717 ad
2197 1669 2325 1717 illud
2348 1669 2544 1717 Tereu-

336 1755 518 1798 tuntur
552 1749 617 1797 ad
652 1749 1011 1799 ostentandam
1054 1752 1395 1815 probitatem:
1482 1750 1541 1798 tii
1565 1749 1827 1810 Varronis,
1871 1749 2003 1796 homo
2026 1745 2168 1795 bulla.
2239 1744 2411 1808 Hujus
2435 1742 2546 1809 qui-

333 1823 474 1871 unde
510 1828 568 1872 et
601 1823 767 1873 audiri
800 1824 867 1874 ab
903 1826 1015 1875 aliis
1056 1825 1273 1879 affectat
1306 1829 1396 1879 ille
1478 1826 1595 1875 dem
1616 1824 1892 1874 sententie
1927 1828 2168 1871 auctores
2203 1819 2423 1883 priorem
2459 1832 2544 1867 ve-

330 1898 424 1962 qui
449 1905 710 1960 precatur.
776 1898 912 1949 Vide
934 1916 1104 1966 supra.

400 1972 612 2038 Hospes]
653 1973 871 2024 Ponitur
902 1989 999 2039 pro
1034 1978 1267 2041 quolibet
1304 1993 1393 2027 ex·

331 2057 518 2099 terno:
556 2051 764 2114 proprie
787 2064 910 2101 vero
928 2052 1124 2102 dicitur
1144 2055 1231 2118 qui
1255 2059 1399 2104 tecto

328 2125 535 2188 excipit
557 2126 882 2189 peregrinum
913 2134 970 2177 et
1001 2134 1290 2193 externum,
1313 2145 1399 2194 pa-

332 2202 466 2250 riter
486 2207 541 2250 et
575 2201 661 2264 qui
696 2202 976 2266 excipitur.
1011 2204 1145 2253 Tull.
1173 2219 1267 2270 pro
1292 2207 1399 2254 De-

320 2280 535 2342 jotaro;
574 2277 714 2327 ‘Per
748 2279 987 2329 dextram
1028 2279 1200 2343 istam,
1245 2296 1398 2345 quam

330 2354 521 2417 hospes
543 2353 733 2416 hospiti
755 2354 1064 2416 porrexisti!
1105 2355 1264 2405 ovid.
1290 2358 1401 2406 Me-

334 2437 525 2481 tamor.
562 2443 602 2480 1.
647 2433 664 2459 ⁸
688 2430 805 2482 Non
843 2432 1028 2496 hospes
1072 2432 1138 2482 ab
1192 2432 1398 2498 hospite

336 2507 518 2556 tutus!

399 2586 433 2631 9
467 2582 560 2632 Illa
579 2582 672 2631 sibi
694 2584 973 2649 introrsum]
1005 2585 1257 2638 Quaedam
1276 2599 1400 2636 vero

333 2672 439 2708 non
482 2659 579 2707 uisl
618 2659 770 2722 clam,
804 2660 940 2709 iutra
971 2660 1173 2724 dentes,
1216 2668 1271 2712 et
1323 2661 1398 2710 iu-

332 2743 421 2785 tus
456 2740 640 2798 petere
673 2734 885 2797 audent,
916 2735 1115 2786 scilicet
1145 2750 1399 2801 quaecum-

335 2824 439 2875 que
459 2810 695 2874 improba
715 2817 835 2860 sunt
856 2817 912 2860 et
932 2811 1219 2862 inhonesta.
1286 2813 1399 2861 Du·

336 2886 462 2951 plex
496 2886 660 2948 igitur
691 2886 872 2950 culpat
905 2887 1012 2936 voti
1047 2901 1229 2950 genus:
1271 2888 1400 2936 alte·

333 2977 446 3012 rum
467 2962 605 3027 quod
625 2963 921 3025 introrsum,
944 2971 997 3013 et
1016 2963 1245 3013 seductis
1265 2964 1402 3027 Diis,

335 3038 492 3103 quale
516 3045 598 3088 est
619 3038 747 3088 illud
785 3038 921 3102 apud
948 3038 1135 3088 Horat.
1158 3039 1275 3089 loro
1310 3040 1401 3089 cit.

333 3114 426 3163 lib.
452 3127 493 3165 r.
529 3115 682 3179 epist.
705 3118 785 3165 ιο.
819 3122 876 3163 et
913 3116 1050 3178 apud
1091 3115 1248 3166 Ovid.
1288 3116 1401 3165 loco

332 3189 494 3240 stiam
511 3205 631 3240 mox
646 3190 805 3240 allato
820 3190 962 3240 Fast.
980 3197 1027 3240 5.
1052 3190 1225 3255 qualia
1244 3191 1399 3239 etiam

336 3275 458 3316 sunt
480 3281 596 3331 quae
627 3267 712 3316 hic
751 3274 930 3318 noster
960 3267 1172 3317 Persius
1212 3266 1395 3318 affert:

334 3343 561 3392 alterum
605 3353 684 3393 est
726 3342 866 3408 quod
910 3340 972 3392 fit
1015 3343 1080 3392 ad
1134 3344 1400 3393 ostentati·

334 3427 507 3480 onem,
547 3426 604 3469 ut
633 3419 761 3481 dixi,
804 3427 861 3469 et
890 3420 1047 3478 clare,
1090 3426 1149 3470 et
1188 3428 1397 3484 aperte3

333 3494 477 3558 quod
531 3501 588 3543 et
642 3493 812 3543 audiri
856 3494 1087 3557 petitur-3
1144 3502 1397 3560 vocatque

334 3571 548 3621 Persius
593 3584 819 3619 murmur
853 3577 910 3621 et
946 3571 1188 3620 humilem
1230 3585 1399 3621 susur-

333 3662 471 3698 rum.

400 3729 465 3774 lo
512 3722 722 3786 rib-lm]
786 3722 893 3772 Pro
943 3722 1212 3780 ebulliet-st,-
1265 3722 1400 3773 sicut

328 3799 508 3858 dadin,
544 3814 641 3863 pro
663 3799 904 3854 deden-inu
934 3797 1087 3859 viset,
1124 3811 1219 3860 pro
1251 3798 1399 3847 siris·

331 3881 406 3927 stt
424 3891 445 3934 ,-
474 3876 675 3926 AEneid.
696 3888 778 3924 ιι.
819 3878 1028 3924 vs.118.
1062 3875 1292 3938 metaph.
1327 3875 1394 3924 ab

334 3966 473 4017 aqua
500 3952 802 4010 ebulliente,
839 3964 954 4014 qua!
999 3949 1299 4000 intumescit
1339 3957 1397 4000 et

332 4027 520 4078 effluit.
586 4027 675 4076 lta
695 4027 795 4089 legi
819 4024 1038 4076 affirmat
1062 4026 1395 4076 casaubonus

334 4108 393 4156 in
407 4105 774 4170 antiquissimis
796 4102 1080 4154 codicibus.
1127 4103 1259 4153 Vide
1275 4104 1402 4153 Pro-

336 4182 482 4233 νει-Ι).
505 4196 625 4246 cap.
649 4186 728 4232 1⁵.
751 4195 829 4230 vs.
852 4184 903 4229 ².
927 4180 1068 4244 vulg.
1091 4179 1219 4230 edit.
1286 4179 1398 4230 Cic.

331 4261 487 4311 Tusc.
510 4271 597 4309 ur.
616 4272 734 4322 cap.
756 4260 841 4308 42.
862 4260 964 4308 διο.
1042 4256 1286 4307 Nonnulli
1321 4269 1400 4307 re·

1475 1903 1556 1953 lut
1589 1903 1816 1965 ineptam
1841 1898 2138 1963 suggillant,
2177 1895 2269 1946 sed
2298 1910 2401 1961 quo
2423 1895 2544 1959 jure

1476 1992 1578 2028 nou
1602 1978 1772 2028 video.

1543 2053 1777 2116 Patr-ruis]
1827 2051 2000 2101 Patrai
2023 2049 2156 2100 dixit
2190 2049 2362 2113 potins
2390 2058 2542 2113 quam

1479 2129 1560 2177 avi
1580 2128 1752 2192 optari
1788 2133 2026 2184 mortem,
2059 2123 2196 2174 forte
2232 2124 2349 2188 quia
2375 2124 2544 2188 patrui

1479 2204 1811 2268 utplurimum
1833 2214 2048 2251 censura
2086 2200 2307 2260 inolesti,
2345 2207 2404 2248 ut
2439 2199 2545 2247 dixi

1475 2282 1586 2330 Sst.
1631 2295 1672 2330 1.
1734 2281 1804 2329 Et
1838 2278 2024 2327 Horat.
2064 2275 2150 2325 lib.
2194 2288 2285 2324 m.
2325 2273 2424 2323 ode
2466 2278 2546 2324 12.

1476 2358 1492 2385 ⁴
1516 2357 1820 2406 Metuentes
1846 2361 2045 2417 patrum
2070 2351 2289 2401 verbera
2323 2350 2546 2414 lingua?

1543 2433 1835 2483 Proecluntm
1877 2428 2065 2493 sanas]
2142 2428 2237 2478 Vel
2285 2425 2541 2478 funalibus

1478 2508 1823 2574 splendidum,
1845 2513 1901 2555 et
1944 2509 2195 2569 apparatu
2232 2512 2286 2552 et
2336 2504 2547 2567 exequi·

1478 2600 1620 2635 arum
1678 2596 1865 2648 pompa
1910 2579 2253 2644 magnificum.
2354 2580 2543 2643 virgil.

1480 2659 1681 2710 AEueid.
1718 2672 1797 2708 ιι.
1823 2673 1896 2706 vs.
1925 2659 2037 2706 14³.
2056 2657 2072 2684 ⁴
2099 2657 2359 2706 Funereas
2395 2670 2546 2719 rapu-

1478 2748 1569 2784 ere
1607 2731 1771 2796 faces,
1812 2733 1955 2782 lucet
1995 2732 2081 2781 vla
2139 2733 2289 2794 longo
2345 2730 2544 2781 Ordine

1477 2809 1815 2873 flammarum,
1830 2818 1886 2859 et
1903 2811 2008 2858 late
2023 2808 2346 2859 discriminat
2359 2807 2547 2872 agros!

1479 2887 1598 2950 Vel,
1620 2886 1757 2951 quod
1784 2885 1978 2935 heredi
2015 2885 2165 2934 avido
2188 2885 2543 2949 expetendum

1481 2971 1538 3012 et
1555 2970 1901 3026 quaestuosum
1924 2961 2042 3011 erit.
2113 2961 2334 3013 Quidam
2356 2976 2448 3025 per
2465 2961 2547 3011 fu-

1484 3054 1580 3089 nus
1602 3038 1898 3102 intelligunt
1918 3038 2243 3101 sepulcrum:
2282 3045 2342 3087 ut
2365 3052 2545 3088 sensus

1483 3115 1586 3164 sit:
1623 3114 1817 3163 utinam
1855 3112 2122 3177 aperiatur
2144 3120 2198 3162 et
2231 3120 2345 3163 ruat
2369 3127 2464 3175 per
2488 3126 2545 3162 se

1482 3190 1656 3256 patrui
1680 3190 1779 3239 mei
1803 3190 2115 3252 sepulcrum,
2132 3196 2191 3238 ut
2213 3203 2329 3238 cum
2353 3188 2546 3238 violare

1481 3275 1539 3316 et
1560 3279 1801 3329 rumpere
1836 3262 1964 3313 illud
2005 3277 2106 3313 non
2131 3263 2367 3326 audeam,
2399 3272 2546 3314 certe

1480 3343 1557 3393 sic
1593 3343 1854 3406 adipiscar
1873 3355 2049 3390 aurum
2073 3341 2126 3390 in
2149 3356 2212 3390 eo
2248 3340 2546 3390 conditum:

1481 3434 1671 3484 nempe
1711 3425 1914 3468 veteres
1943 3431 2116 3467 secum
2137 3415 2396 3480 jubebant
2426 3429 2547 3465 suos

1479 3496 1746 3546 thesauros
1779 3493 2004 3557 sepeliri.
2072 3492 2143 3540 Et
2177 3491 2435 3555 Josephss
2469 3505 2550 3540 re·

1479 3572 1586 3622 fert
1602 3585 1632 3621 e
1649 3570 1869 3622 Davidis
1891 3568 2131 3630 sepulcro
2152 3572 2302 3616 eruta
2323 3567 2544 3615 talento-

1482 3660 1593 3697 rum
1618 3645 1728 3696 suri
1750 3645 1849 3694 tris
1871 3643 2032 3692 millia
2065 3643 2130 3691 ab
2169 3641 2418 3703 Hircano,
2454 3642 2545 3707 qui

1481 3725 1557 3774 sic
1575 3724 1641 3773 ab
1657 3721 1931 3772 obsidente
1955 3734 2011 3770 se
2037 3717 2296 3768 Antiocho
2313 3719 2547 3768 redeme-

1481 3803 1552 3852 rit
1615 3800 1748 3849 datis
1805 3797 2074 3847 trecentis.
2178 3795 2309 3845 Haec
2373 3803 2546 3847 tamen

1477 3878 1654 3942 opinio
1678 3876 1846 3923 miuus
1864 3871 2078 3921 arridet.
2145 3870 2250 3920 Alii
2270 3873 2542 3936 explicant

1476 3967 1655 4004 vocem
1704 3951 2007 4015 precluum,
2065 3949 2208 4011 quasi
2268 3948 2354 4013 qui
2394 3947 2547 3998 funus

1480 4036 1632 4094 optat
1655 4027 1832 4077 ridere
1857 4024 2050 4090 patrui,
2071 4025 2181 4088 ejus
2220 4030 2417 4075 tautum
2442 4026 2549 4090 glo-

1481 4106 1609 4155 riam
1629 4109 1686 4155 et
1699 4103 1944 4152 honorem
1960 4101 2150 4152 intueri
2170 4101 2425 4165 videatur,
2442 4114 2545 4151 non

1480 4195 1624 4232 suam
1646 4177 1991 4245 cupiditatem
2013 4176 2305 4227 ostendere.
