3050 4913
1112 387 1561 440 anvarnus.
1613 405 1620 412 ·
2267 372 2440 445 1179
2471 434 2476 439 .

256 534 481 615 judicare
511 538 679 610 licet,
725 557 873 617 quas
912 538 1164 600 Beclrius
1203 540 1338 600 loco
1378 561 1557 619 supra
1603 540 1847 602 laudato
1874 562 1946 601 ex
1975 542 2227 602 Mediol.
2265 551 2444 612 1474:

263 646 310 692 et
336 642 485 696 1511.
518 637 840 714 excerpsit,
887 657 1153 715 quasque
1183 638 1239 696 in
1272 639 1407 697 Var.
1437 639 1604 699 Lect.
1633 659 1695 698 11.
1727 646 1824 700 52.
1875 648 1935 698 et
1964 646 2062 698 53.
2108 640 2442 717 designavi-

266 749 388 799 mus,
426 752 539 791 non
573 735 819 793 multum
853 735 1119 793 utilitatis
1147 736 1220 793 ad
1251 737 1436 813 ipsum
1466 737 1500 795 J
1507 737 1810 795 nvenalem
1838 735 2271 797 emendandum
2298 736 2438 795 inde

267 827 687 919 redundaturum
731 851 867 892 esse,
907 832 1234 909 opinamur.
1321 832 1585 903 Nihilin
1634 832 1701 892 iis
1747 842 1857 904 est,
1904 832 2067 912 quod
2097 845 2201 893 ant
2230 833 2437 893 tollere

266 923 391 993 velis,
419 938 515 983 aut
549 947 665 983 non
699 948 771 985 ex
803 927 930 986 aliis
961 927 1121 986 libris
1142 929 1274 1004 jam
1302 938 1601 991 enotatum
1638 930 1738 990 sit.

327 1021 527 1080 Eodem
558 1042 718 1081 anno
756 1032 929 1092 1474.
961 1025 1165 1083 Romae
1182 1025 1240 1082 in
1261 1025 1466 1102 vulgus
1492 1025 1801 1104 prodiere:

272 1111 289 1131 ’
324 1116 529 1191 Angeli
600 1118 812 1178 Sabini
870 1120 1182 1198 paradoxa
1243 1124 1310 1181 in
1352 1124 1685 1184 ,Iuvenalem
1731 1126 1938 1183 Romae
1978 1144 2088 1203 per
2142 1112 2472 1203 Angebat
2569 1141 2580 1151 ·

260 1211 557 1274 &elautae
594 1214 962 1275 Reicltenlaal
981 1225 1037 1276 et
1071 1217 1353 1278 Barthol.
1387 1219 1604 1281 Golsclo
1624 1220 1695 1281 de
1717 1219 2070 1287 Holtenbart
2106 1220 2438 1281 Clericos-
2519 1284 2526 1289 ¹

260 1306 343 1367 sol.
373 1319 533 1378 1474.

258 1415 306 1464 et
345 1408 502 1484 paulo
531 1419 707 1486 post:
761 1411 1026 1470 Domitia·
1056 1408 1356 1471 calderia-i
1389 1413 1731 1473 Veronensis
1763 1414 2188 1474 Communem-ia
2231 1414 2297 1472 in
2323 1411 2439 1473 Ju-

261 1505 445 1562 malie
471 1504 745 1583 Satyrus,
778 1506 1169 1566 Romae—fol.
1204 1515 1379 1576 1474.

260 1597 298 1655 si
320 1598 451 1657 fides
472 1600 754 1660 habenda
772 1603 1042 1661 Fabricio
1062 1611 1120 1661 et
1140 1604 1279 1662 Soc.
1299 1603 1557 1682 Bipont„
1580 1608 1741 1683 (quae
1756 1625 1826 1664 ex
1844 1613 2006 1683 parte
2023 1605 2295 1665 firmatur
2308 1604 2442 1664 sub-

262 1696 540 1774 scriptione
566 1698 683 1758 Ed.
704 1700 848 1759 Ven.
878 1707 990 1767 147
995 1706 1053 1759 5.
1075 1708 1133 1759 et
1154 1699 1389 1759 Vicent.
1418 1709 1591 1761 1480.
1615 1720 1792 1778 quam
1814 1722 1950 1761 mox
1972 1702 2444 1774 memorabimus)

263 1809 349 1849 nec
370 1796 549 1870 potius
580 1796 881 1872 paradoxa
896 1797 1002 1855 illa
1021 1796 1150 1873 jam
1173 1806 1311 1856 ante
1333 1816 1388 1855 a.
1428 1794 1602 1864 1473.
1634 1797 1790 1876 typis
1819 1816 2096 1875 expressa
2121 1807 2278 1856 sunt.
2341 1798 2445 1870 Sa·-

268 1885 475 1947 bellicus
503 1903 671 1951 certe
699 1894 781 1967 (b.
804 1913 858 1951 e.
884 1894 973 1951 M.
993 1894 1219 1951 Anton.
1243 1893 1518 1962 Coccina,
1538 1893 1634 1953 cui
1665 1893 1811 1952 illud
1842 1913 2055 1952 nomen
2085 1895 2448 1972 imposuerat

263 1981 388 2043 Petr.
416 1987 689 2059 Calaber,
734 1998 1062 2067 praeceptor
1089 1989 1237 2067 ejuS,
1269 1988 1373 2067 qui
1402 1988 1550 2068 ipse,
1596 1988 1820 2049 solenni
1850 1989 2002 2048 illins
2033 1991 2140 2048 aevi
2173 2008 2352 2057 more,
2383 1988 2444 2047 in

264 2080 498 2143 sodalitio
547 2087 839 2145 bonarum
888 2086 1204 2155 literarum,
1250 2087 1454 2145 Romae
1491 2107 1525 2145 a
1554 2086 1908 2146 doctissimis
1939 2086 2099 2145 Italis
2150 2085 2440 2153 instituto,

260 2197 441 2239 nomen
483 2183 633 2242 Julii
679 2182 993 2261 Pomponii
1039 2182 1257 2253 Sabini,
1303 2183 1394 2242 vel
1428 2181 1599 2253 Laeti,
1639 2183 1731 2242 vel
1769 2183 2072 2242 Fortunati
2099 2192 2161 2241 et
2189 2181 2445 2240 Infortu-

263 2276 366 2334 nati
387 2278 696 2353 asciverat)
738 2281 963 2340 amicus
992 2289 1051 2339 et
1080 2279 1381 2357 municeps
1410 2279 1674 2351 Domitii,
1718 2280 1774 2340 in
1824 2280 2088 2358 Dialogis
2114 2279 2189 2338 de
2217 2278 2444 2338 Latinae

259 2360 444 2451 linguae
471 2377 869 2454 reparatione,
915 2396 1064 2455 quos
1090 2375 1353 2435 Obertus
1384 2376 1660 2436 Gifanius
1690 2375 2059 2435 recudendos
2102 2374 2328 2434 curavit
2368 2373 2443 2432 ad

262 2472 453 2531 calcem
501 2477 851 2535 Observatt.
901 2473 1116 2551 linguae
1168 2475 1325 2544 Lat„
1370 2474 1568 2544 tradit,
1616 2483 1632 2508 ‘
1658 2475 1942 2534 Sabinum
1989 2473 2216 2551 aliquot
2263 2490 2445 2531 annos

257 2580 372 2629 ante
412 2573 746 2632 Domitium
802 2571 862 2630 in
910 2572 1247 2631 Juvenalem
1304 2572 1671 2640 Quaestiones
1705 2571 1984 2650 quasdam
2012 2569 2447 2630 accuratissime

257 2669 701 2749 conscripsisse-⁹
784 2670 956 2728 Forte
986 2678 1176 2729 tamen
1206 2686 1342 2745 quae
1371 2670 1707 2748 scripserat,
1749 2687 1869 2727 non
1898 2667 2208 2726 confestim
2235 2664 2445 2725 edidit.

256 2762 488 2842 Quoquo
518 2765 711 2825 modo
740 2785 799 2823 se
827 2783 916 2823 res
944 2763 1182 2835 habeat,
1227 2774 1462 2824 constat
1487 2766 1717 2836 saltem,
1766 2764 1873 2824 bos
1902 2763 2243 2824 duumviros
2272 2761 2449 2821 fuisse

254 2859 463 2936 primos,
496 2864 603 2941 qui
635 2861 1093 2922 commentarios
1118 2861 1175 2921 in
1205 2862 1362 2921 hunc
1390 2869 1644 2940 poetam,
1689 2862 1736 2921 si
1761 2881 1879 2921 non
1902 2860 2256 2939 scripserint,
2287 2867 2448 2917 certe

250 2956 534 3020 ediderint.
626 2961 774 3020 Non
822 2969 1022 3019 carent
1067 2959 1147 3018 illi
1196 2959 1374 3019 docta
1417 2959 1756 3031 subtilitate,
1807 2956 2188 3036 temporibus,
2233 2954 2445 3033 quibus
2571 2995 2580 3001 -

253 3054 445 3134 vulgati
492 3067 664 3130 sunt,
720 3057 1109 3117 condonanda
1130 3081 1148 3128 ;
1194 3057 1298 3117 sed
1337 3056 1557 3133 judicii
1606 3075 1924 3135 sensusque
1953 3052 2297 3133 elegantiam
2328 3049 2449 3110 sere

250 3148 544 3214 desideres.
639 3156 1008 3215 Dominicm
1056 3155 1127 3216 de
1173 3153 1491 3224 Gallim-iis,
1538 3154 1676 3223 sive,
1720 3161 1785 3212 ut
1813 3151 1929 3212 dici
1967 3150 2195 3220 maluit,
2241 3148 2451 3208 Domi·

247 3249 351 3309 tius
372 3251 743 3312 calda-inus
768 3252 953 3329 (quod
977 3272 1299 3331 cognomen
1322 3251 1561 3330 quidam
1580 3249 1879 3310 deducunt
1898 3269 1934 3308 a
1956 3248 2227 3316 Caldara,
2253 3243 2448 3303 viculo

246 3365 407 3427 prope
433 3351 749 3410 Veronam
779 3349 909 3419 sito,
939 3350 1040 3409 ubi
1069 3360 1234 3409 natus
1258 3348 1542 3420 creditur)
1586 3356 1803 3407 tantam
1833 3345 1968 3405 olim
2000 3342 2210 3423 ingenii
2238 3339 2451 3401 doctri-

247 3462 432 3524 naque
451 3445 684 3507 samam
713 3445 1049 3523 collegerat,
1081 3457 1165 3526 ut,
1192 3465 1327 3505 cum
1347 3464 1532 3504 annos
1556 3443 1815 3503 nondum
1846 3458 2044 3502 xxlv.
2075 3449 2246 3501 natus
2270 3446 2447 3510 esset,

244 3542 471 3602 aPanlo
502 3561 589 3604 11.
646 3544 909 3603 Romam
958 3552 1320 3614 evocaretur,
1363 3542 1575 3603 artium
1621 3540 1942 3600 liberalium
1973 3539 2211 3616 publice
2238 3534 2452 3612 docen-

248 3637 432 3700 darum
459 3659 681 3712 causa,
726 3646 791 3698 et
815 3658 851 3697 a
877 3639 1044 3698 Sixto
1092 3655 1184 3698 IV.
1231 3639 1307 3698 ad
1358 3638 1700 3717 dignitatem
1755 3636 2073 3697 Secu-clarii
2117 3630 2452 3712 Apostolica·

246 3740 589 3797 eveheretur.
690 3736 915 3795 Praeter
938 3737 1049 3795 alia
1075 3736 1527 3797 commentarios
1572 3734 1808 3813 scripsit
1850 3733 1911 3791 in
1949 3732 1983 3790 J
1992 3729 2307 3799 uvenalem,
2359 3728 2451 3789 Si-

248 3831 388 3906 lium,
437 3834 621 3894 Statii
670 3833 907 3910 Sylvas,
953 3832 1300 3903 Martialem,
1346 3831 1545 3891 Ovidii
1574 3830 1732 3900 Ibin,
1777 3825 2141 3896 Suetonium,
2186 3825 2450 3903 Sappho,

249 3930 622 4010 Pmpenium,
670 3939 741 3989 et
765 3929 1061 3990 Ciceronis
1112 3930 1403 4010 Epistulas
1441 3929 1517 3988 ad
1557 3923 1874 3996 Atticum3
1916 3923 2085 4003 plura
2115 3941 2273 3995 vero,
2318 3941 2451 4001 qun

250 4028 607 4099 moliebatur,
678 4024 996 4085 immatura
1045 4046 1199 4086 mors
1247 4024 1595 4103 intercepit:
1662 4022 1812 4083 obiit
1856 4021 2011 4081 enim
2058 4039 2212 4078 anno
2262 4017 2451 4078 aetatis

253 4139 396 4186 xxx.
425 4148 487 4206 p.
518 4128 679 4187 cnr.
724 4132 899 4193 1477.
983 4124 1455 4185 commentaria
1441 4142 1500 4182 m
1524 4121 1867 4182 Juvenalem
1894 4117 2192 4195 inscripsit
2216 4115 2449 4186 Juliano

252 4220 471 4298 Medici,
534 4232 604 4286 et
654 4221 729 4279 in
772 4220 888 4280 hac
934 4218 1307 4282 dedicatione
1356 4218 1749 4299 profitetur,‘
1780 4237 1843 4277 se
1883 4213 2177 4276 Juvenalis
2217 4214 2450 4287 Satyrus

249 4334 381 4404 pv·
406 4317 930 4388 commentatione
953 4317 1244 4403 exphcare
1271 4329 1573 4395 conatum,
1608 4317 1753 4380 licet
1795 4314 1858 4377 in
1891 4312 1966 4375 iis
2005 4292 2451 4394 interpretandis
