3050 4913
1104 400 1111 405 ,
1207 342 1456 399 ranan
1513 342 1679 392 sm.
1727 344 1775 391 r.

311 483 492 549 Ponit,
511 485 738 547 Rhenum,
758 499 853 548 pro
876 484 1119 534 serobe.—
1128 484 1260 545 Vidi,
1275 484 1381 533 vidi

312 561 434 628 ipse]
469 563 519 612 O
546 562 739 623 libelle,
771 571 827 610 ut
853 561 1015 611 Midae
1039 577 1218 611 servus
1240 562 1379 611 dice·

316 638 409 688 bat
427 638 618 687 scrobi.
684 637 861 687 Lubin.

340 716 343 723 ⁴
379 720 471 764 121
507 714 785 778 Auaricum]
812 715 1121 764 {locantem
1145 712 1376 777 estquod

312 793 552 857 superius
598 808 696 856 per
738 794 1081 858 Aposiopesin
1138 793 1379 853 obticuit,

314 882 431 917 cum
467 868 632 916 dixit:
658 870 672 894 ‘
701 870 835 917 Nam
860 871 1034 918 Romae
1075 869 1190 933 quis
1227 883 1324 916 non
1340 867 1374 916 f·

313 945 532 995 Scilicet
554 946 709 996 habet
733 947 990 997 auriculas
1015 946 1162 994 asini.
1195 944 1259 994 1d
1284 951 1378 1006 est,

314 1021 446 1073 Quis
482 1036 583 1071 non
610 1024 787 1071 Romae
812 1030 893 1070 est
914 1029 1160 1085 corrupto
1183 1027 1239 1069 et
1262 1035 1377 1083 pra·

310 1113 378 1148 vo
401 1099 638 1163 judicio?
674 1100 826 1148 Prius
849 1099 1117 1162 scripsisse
1146 1099 1341 1148 dicitur
1362 1115 1375 1147 ι

308 1174 325 1201 ⁸
350 1173 622 1224 Auriculas
666 1173 812 1223 Asini
849 1175 997 1224 Mida
1056 1188 1150 1222 rex
1188 1173 1378 1223 habet.’

312 1249 575 1300 Cornutus
616 1265 739 1299 vero
775 1258 1084 1314 praeceptor,
1118 1263 1183 1298 ne
1228 1250 1378 1299 Clau·

310 1323 428 1374 dius
446 1334 501 1375 et
526 1326 669 1376 Nero
692 1326 865 1390 impp.
891 1326 943 1374 in
966 1340 1021 1374 se
1055 1325 1251 1375 dictum
1287 1339 1378 1388 pu-

311 1407 507 1463 tarent,
549 1402 622 1452 ita
655 1403 1088 1466 mutuis—Hoc,
1124 1403 1229 1466 asa]
1272 1404 1379 1452 Oc·

313 1478 511 1528 cultum
548 1486 603 1528 et
644 1487 900 1529 secretum
932 1479 1109 1528 libello
1143 1494 1258 1529 meo
1295 1479 1378 1543 do,

312 1560 370 1605 et
395 1555 581 1605 insero.
620 1556 793 1605 Dubia.

381 1635 476 1679 122
513 1632 634 1693 Hoc,
654 1632 761 1694 θα]
818 1632 971 1683 Quod
1004 1630 1239 1682 solutiori
1272 1630 1377 1681 risu

311 1710 560 1771 insector,
592 1717 647 1759 et
679 1710 1023 1774 reprehendo,
1057 1708 1196 1774 quod
1228 1704 1379 1760 nem'o

310 1783 727 1848 legen—Meum]
776 1786 939 1837 Quasi
955 1785 1133 1851 solius,
1148 1786 1377 1848 quamvis

315 1861 446 1910 alios
470 1861 692 1911 lectores
736 1876 837 1910 non
882 1862 1258 1911 morem—Tum
1288 1861 1381 1925 nil]

314 1936 566 1991 Quamvis
613 1936 713 1985 vile
758 1952 925 1985 meum
974 1938 1157 2001 poema
1210 1938 1375 1988 nullos

311 2013 539 2065 lectores
580 2015 646 2063 sit
685 2013 1001 2075 habitururn,
1038 2021 1210 2064 tamen
1252 2014 1379 2064 illud

312 2103 432 2138 meo
478 2097 622 2138 certe
677 2089 877 2153 judicio
920 2087 1072 2138 Accii
1120 2089 1379 2140 Labeonis

313 2165 467 2225 Iliadi
492 2173 767 2230 antepono.
834 2166 897 2216 Id
921 2175 1019 2229 est,
1043 2166 1217 2217 Hasce
1239 2183 1379 2218 meas

314 2257 479 2306 nugas
503 2242 661 2305 pluris
686 2242 906 2304 aestimo,
946 2257 1098 2308 qnam
1137 2243 1378 2293 insulsam

276 2312 456 2373 ‘'‘illam
512 2318 649 2368 Attii
710 2317 961 2367 Labeonis
1022 2320 1103 2367 vel
1161 2319 1382 2369 Neronis

314 2395 502 2445 Iliada.
550 2394 932 2455 Idem—Nulla,
969 2391 1076 2458 qm]
1124 2394 1241 2443 Non
1283 2394 1381 2444 tibi

314 2472 444 2522 illud
484 2471 623 2534 dem,
666 2472 708 2520 si
740 2472 864 2521 mihi
901 2470 1069 2521 Iliada
1111 2472 1382 2534 Labeonis,

318 2539 412 2599 aut
432 2550 655 2601 Neronis
679 2549 906 2598 Troicon
934 2548 1117 2597 tradas·
1158 2548 1381 2613 Scripsit

319 2629 465 2679 Nero
481 2629 723 2678 Troicon.
772 2628 877 2678 Vei.
898 2627 1011 2677 Seli.
1279 2626 1292 2638 ”

386 2709 480 2754 123
513 2705 718 2766 Audaci,
736 2703 842 2766 dra]
898 2704 1181 2769 Hucusque
1210 2703 1381 2754 Persii

315 2780 383 2832 de
404 2780 679 2831 scribenda
700 2781 888 2842 Satyra
905 2779 1189 2829 consilium.
1223 2779 1383 2829 Dein-

317 2870 445 2922 ceps
490 2871 641 2922 quem
686 2858 937 2906 lectorem
992 2856 1118 2905 velit
1157 2861 1213 2905 et
1252 2856 1386 2906 nolit

315 2948 523 2984 suarum
555 2935 874 2996 Satyrarum,
907 2933 1105 2982 indicat
1142 2947 1207 2981 ex
1242 2932 1386 2981 dissi·

318 3009 542 3064 milibus.
600 3011 720 3058 Non
744 3009 1174 3072 Polydamantem
1199 3009 1384 3057 et'l'ro-

309 3086 484 3150 jedes,
508 3087 598 3135 sed
623 3086 675 3135 in
708 3083 968 3135 veteribus
989 3084 1212 3135 Comicis
1236 3086 1383 3136 Grae·

321 3162 398 3228 cis
420 3171 696 3214 versatum.
761 3163 889 3212 Vult
914 3162 1132 3228 aliquem
1173 3163 1226 3212 in
1259 3164 1383 3212 Cra-

322 3239 439 3303 tini,
455 3239 741 3304 Eupolidis,
763 3237 1126 3301 Aristophanis
1149 3239 1386 3288 carmini·

322 3314 419 3365 bus
456 3323 731 3378 versatum,
764 3329 863 3363 non
901 3313 1158 3375 vitiosum,
1205 3330 1384 3377 proca·

324 3407 440 3445 cem
463 3399 518 3442 et
539 3388 1118 3456 superbum.-Adflate]
1154 3390 1385 3453 Imbute,

322 3469 468 3534 quasi
493 3467 873 3527 Enthusiasmo,
902 3479 992 3514 suo
1034 3465 1179 3529 quasi
1211 3465 1386 3518 divino

324 3545 570 3596 instinctu
594 3541 764 3592 audax
780 3541 1024 3591 Cratinus
1049 3547 1275 3590 mentem
1297 3542 1386 3592 im-

321 3623 457 3688 buit,
490 3629 544 3670 et
581 3621 723 3686 quasi
758 3616 1248 3685 adflavit—Affinis»,
1282 3620 1386 3686 qa]

322 3698 446 3763 Pro,
467 3712 497 3748 o
522 3704 596 3761 tu,
618 3697 908 3761 quicunque
943 3710 998 3745 es
1021 3693 1224 3745 afflatus
1263 3697 1387 3746 Cra-

323 3775 463 3825 tino:
494 3773 584 3837 ,qui
606 3773 808 3823 scilicet
829 3772 1051 3824 maxima
1074 3773 1265 3822 veteris
1291 3774 1388 3824 Co-

322 3850 527 3901 moediae
546 3849 810 3910 libertate,
835 3847 1222 3897 Atheniensium
1258 3849 1389 3898 vitia

321 3926 590 3991 carpebat.
646 3925 868 3978 ‚Dicitur
884 3926 1071 3989 affiatu-s
1091 3926 1309 3988 Cratino,
1327 3928 1390 3988 is,

321 4005 409 4070 qui
443 4001 643 4055 Cratini
678 3999 967 4050 fabularum
1007 4001 1233 4052 lectione
1269 4002 1390 4052 assi-

322 4082 425 4133 dua
444 4080 599 4128 suerit
632 4076 869 4140 affectus,
899 4084 955 4128 et
978 4094 1203 4128 amorem
1228 4079 1389 4130 virtu-

322 4157 389 4209 tis
404 4155 525 4206 iude
543 4156 866 4219 conceperit.
903 4155 1222 4205 Caecubum.

388 4237 485 4300 124
520 4233 723 4298 Iratum,
755 4231 864 4298 φη]
919 4231 1265 4298 cogitandum
1298 4248 1391 4285 cur

2395 327 2528 403 219

1458 482 1767 547 Eupolidem
1783 483 2146 545 vocetiratum,
2160 499 2310 549 quem
2331 490 2526 534 testan-

1459 567 1544 607 tur
1594 565 1796 607 veteres
1858 558 2027 609 critici
2073 560 2413 609 remissiorem
2470 567 2526 611 et

1457 633 1672 683 Cratino
1710 632 1868 682 fuisse
1904 639 1960 683 et
2000 633 2367 698 Aristophane,
2388 635 2525 698 jocis

1457 711 1594 758 enim
1635 725 1696 758 ac
1742 710 1933 759 salibus
1968 710 2274 772 abundasse,
2296 711 2384 776 qui
2424 726 2525 761 nou

1456 789 1771 837 conveniunt
1816 786 1975 836 iratis.
2053 785 2134 836 An
2179 787 2355 837 iram
2394 786 2525 838 dixit

1458 877 1555 925 pro
1581 864 1717 913 tristi
1742 877 1802 912 ac
1828 862 2040 912 severo?
2076 864 2212 928 quod
2235 864 2525 928 epithetum

1456 953 1728 988 commune
1749 946 1828 989 est
1849 940 2073 989 omnium
2095 940 2182 1004 qui
2202 941 2331 989 vitia
2356 956 2526 1006 repre-

1455 1014 1721 1077 hendunt;
1753 1029 1817 1063 an
1857 1014 1921 1063 ad
1960 1015 2274 1078 peculiarem
2301 1017 2526 1081 aliquam

1456 1090 1590 1139 illius
1623 1089 1845 1139 fabulam
1881 1092 2115 1155 respicit,
2133 1094 2288 1154 cujus
2323 1094 2529 1159 scripti-

1454 1182 1605 1215 onem
1630 1168 1914 1232 susceperit
1942 1169 2144 1217 iratus?
2198 1171 2529 1221 (mouban.—

1455 1245 1757 1309 Eupolidem]
1824 1244 1978 1293 Vitiis
2020 1244 2413 1295 Atheniensium
2454 1247 2527 1296 in·

1456 1318 1658 1369 sensum
1700 1327 1756 1370 et
1801 1319 2064 1369 infestum.
2141 1321 2310 1369 Periit
2358 1336 2529 1385 pugna

1454 1395 1624 1443 navali
1657 1396 1795 1445 inter
1827 1395 2249 1444 Lacedaemonios
2273 1402 2328 1445 et
2369 1394 2529 1445 Athe·

1454 1471 1674 1533 menses,
1711 1472 1853 1536 cujus
1899 1486 2030 1519 mors
2077 1477 2277 1521 tautum
2332 1472 2529 1521 luctum

1454 1550 1572 1599 urbi
1596 1552 1791 1613 attulit,
1810 1558 1867 1599 ut
1891 1550 2099 1615 publico
2117 1550 2294 1601 edicto
2318 1558 2528 1600 cautum

1453 1627 1539 1688 sit,
1578 1641 1643 1675 ue
1679 1627 1862 1677 Poetae
1903 1628 1954 1676 in
1999 1635 2260 1690 posterum
2302 1627 2527 1677 militare

1455 1701 2029 1765 liceret—pragmatii,
2074 1702 2180 1765 ξω]
2224 1702 2528 1767 Aristopha-

1453 1791 1574 1826 nem
1608 1777 1875 1842 intelligit,
1908 1780 1999 1844 qui
2033 1779 2146 1843 jam
2189 1786 2345 1829 aetate
2380 1794 2528 1842 gran-

1455 1852 1569 1902 dior
1591 1853 1805 1918 Satyras
1831 1854 2075 1918 scripsit:
2113 1855 2193 1904 vel
2230 1855 2295 1904 ad
2320 1854 2528 1905 dicendi

1455 1942 1615 1993 genus
1631 1927 2038 1994 resen—Palles]
2072 1929 2368 1992 Diligenter
2386 1932 2527 1979 evol-

1454 2004 1549 2066 vis,
1568 2012 1622 2054 et
1645 2004 1821 2056 studio
1848 2004 2005 2055 nimio
2045 2004 2142 2055 tibi
2177 2005 2428 2068 pallorem
2474 2014 2529 2055 et

1452 2080 1669 2130 maciem
1727 2080 2008 2131 contrahis.
2097 2081 2217 2142 Vel,
2274 2081 2527 2144 pallorem

1453 2157 1629 2206 studio
1667 2163 1722 2206 et
1761 2156 2066 2206 assiduitate
2090 2156 2298 2220 legendi
2322 2158 2531 2221 Eupoli-

1454 2232 1534 2281 dis
1604 2233 1883 2285 comoedias
1955 2239 2284 2283 contractum
2348 2235 2529 2298 palles.

1452 2309 1686 2359 anueb.
1707 2324 1757 2358 v.
1782 2313 1828 2358 3.
1857 2310 1906 2357 in
1933 2308 2054 2359 flue.
2080 2315 2144 2358 et·
2161 2322 2217 2357 x.
2235 2313 2282 2359 1.

1521 2392 1615 2437 125
1662 2387 1855 2451 Aspice]
1923 2387 2095 2436 Hasce
2137 2401 2275 2435 meas
2314 2389 2527 2452 Satyrus

1455 2482 1663 2533 quoque
1712 2468 1968 2530 inspicere
2025 2467 2260 2529 dignare,
2304 2468 2347 2516 si
2403 2469 2525 2531 quid

1456 2544 1702 2603 limatius,
1733 2543 1962 2608 politius,
1996 2552 2051 2593 et
2087 2544 2239 2606 longo
2277 2543 2450 2592 studio
2475 2553 2532 2594 et

1458 2621 1710 2671 industria
1749 2621 2026 2669 decoctum
2067 2626 2124 2668 et
2156 2624 2430 2679 maturum,
2471 2627 2528 2669 et

1457 2700 1668 2750 minime
1711 2699 1945 2761 crudum,
1976 2698 2115 2764 quod
2160 2713 2277 2748 cum
2315 2699 2527 2750 solertia

1457 2777 1547 2826 illa
1591 2776 1900 2826 Graecanica
1946 2775 2237 2840 coniparari
2284 2784 2528 2840 queat.—

1459 2853 1736 2917 Decoctius]
1803 2853 2101 2915 Maturius;
2157 2854 2458 2916 metaphora
2498 2869 2530 2904 n

1458 2932 1738 2984 fructibus.
1806 2935 1868 2984 ld
1908 2941 2007 2999 est,
2043 2934 2374 2985 Elaboratum
2415 2935 2531 2985 dili-

1461 3011 1684 3075 geutius.
1719 3010 1897 3061 Lubin.

1528 3091 1622 3137 126
1655 3085 1790 3148 Inde,
1837 3085 1945 3150 ξω]
2001 3085 2133 3136 lude
2185 3101 2251 3136 ex
2306 3085 2528 3136 lectione

1461 3164 1768 3214 Graecorum
1791 3163 2171 3226 Satyricorum,
2195 3165 2375 3227 lector,
2397 3164 2532 3213 cale-

1458 3238 1602 3289 facta
1632 3245 1689 3288 et
1721 3239 1867 3303 quasi
1892 3245 2188 3302 preparata
2235 3253 2380 3300 anre,
2414 3252 2531 3287 mea

1459 3330 1668 3381 quoque
1705 3316 1938 3365 carmina
1975 3330 2092 3365 cum
2128 3315 2330 3364 fervore
2363 3321 2418 3365 et
2453 3331 2529 3366 ar·

1460 3390 1588 3440 dore
1610 3390 1803 3442 audiat.
1868 3392 2026 3443 Quasi
2050 3392 2216 3442 dicat:
2241 3390 2532 3464 Tepefaqta

1465 3473 1522 3516 et
1544 3467 1731 3517 leviter
1753 3465 2007 3517 calefacta
2029 3481 2169 3528 aure,
2185 3473 2239 3517 et
2266 3466 2407 3530 quasi
2426 3466 2530 3530 pri·

1459 3559 1599 3593 mum
1636 3545 1861 3593 excitata
1897 3542 2018 3593 inde
2042 3559 2107 3593 ex
2138 3543 2364 3593 lectione
2384 3549 2528 3592 vete-

1461 3636 1573 3670 rum
1613 3619 2006 3670 comicorum.—
2017 3619 2279 3683 Vaporata]
2311 3619 2527 3669 Illorum

1460 3696 1667 3758 scriptis
1701 3709 1935 3753 accensa,
1973 3694 2055 3742 vel
2097 3695 2268 3757 potius
2307 3702 2529 3759 purgata

1461 3779 1517 3823 et
1558 3770 2085 3837 praeparatu—Mihi,
2122 3770 2229 3834 ξω]
2297 3772 2527 3821 Fervere

1462 3850 1598 3900 enim
1620 3846 1886 3911 negotium
1908 3846 2121 3908 dicitur,
2139 3846 2276 3912 quod
2313 3857 2530 3912 urgetur

1462 3925 1770 3989 diligenter:
1803 3923 1856 3973 id
1882 3929 1983 3986 est,
2003 3922 2134 3971 Mihi
2169 3923 2244 3982 sic
2279 3924 2525 3989 frequens

1462 4012 1518 4052 et
1560 4001 1816 4051 studiosus
1851 4015 1966 4050 cum
2003 3997 2209 4049 fervore
2247 4008 2302 4050 et
2340 4002 2528 4069 ardore

1461 4094 1578 4130 mea
1599 4079 1754 4141 legat.
1785 4076 2010 4126 Turneb.
2035 4090 2245 4126 xxviii.
2260 4081 2345 4126 26.

1531 4160 1624 4205 127
1662 4152 1906 4218 Nema-cd
1949 4152 2531 4217 Dixitqualeslectores

1462 4232 1607 4284 velit.
1654 4231 1774 4284 Jam
1792 4230 1920 4282 dicit
1937 4244 2060 4296 quos
2082 4230 2212 4279 nolit
2224 4233 2280 4279 et
2294 4236 2528 4295 respuat.
