3050 4913
537 338 669 410 208

602 504 668 554 60
720 504 825 554 Nec
849 504 1045 567 ling-ua,
1073 505 1181 569 qt]
1231 503 1348 555 Hoc
1387 510 1469 554 est
1510 511 1612 554 ter-

538 580 667 631 tium
703 596 862 645 genus
898 594 1090 644 sannoe,
1113 581 1337 646 linguam
1369 580 1609 630 nimirum

536 657 834 722 longissime
877 671 1150 719 exserere;
1197 658 1336 724 quod
1379 660 1609 708 Saxones

536 740 748 794 vocant,
768 736 943 798 Caput
962 735 1150 786 Leonis
1169 735 1423 785 imitari.—
1446 735 1610 791 Quan-

536 817 660 873 tum,
679 812 842 875 sitiat]
878 812 940 861 Id
965 818 1062 871 est,
1100 814 1359 864 Quantum
1383 811 1608 861 sitiendo

537 887 1043 951 exserit—Apula]
1101 888 1178 936 Eo
1225 887 1371 946 dicit,
1414 886 1610 950 Apulia

537 964 673 1013 enim
695 964 837 1027 regio
860 971 940 1013 est
972 963 1297 1025 calidissima,
1329 964 1464 1012 nude
1489 962 1609 1012 Siti-

538 1040 717 1089 culosa
765 1039 953 1089 dicitur
996 1040 1062 1088 ab
1109 1038 1610 1102 Horatia—Tanta]

540 1115 663 1165 Non
697 1115 852 1164 aliter
886 1114 1234 1164 membranae:
1273 1122 1400 1177 puto
1435 1121 1609 1164 tamen

537 1193 800 1256 scripsisse
819 1192 1078 1253 Persium,
1096 1191 1314 1240 Tantum.
1352 1191 1482 1242 Quae
1506 1191 1609 1241 lec-

538 1270 614 1319 tio
638 1276 693 1319 et
715 1268 1007 1331 elegantior
1030 1268 1181 1331 longe
1207 1274 1290 1317 est
1312 1273 1365 1315 et
1388 1267 1610 1330 planior.

538 1347 615 1397 Ut
658 1346 894 1396 nimirum
951 1351 1199 1409 quantum
1245 1344 1385 1392 canis
1428 1343 1609 1393 sitiens

537 1422 767 1488 linguam
806 1421 1076 1483 extendat,
1117 1427 1275 1469 tantae
1311 1420 1465 1469 etiam
1505 1421 1610 1471 sint

538 1498 729 1562 lingum
752 1498 1072 1548 ardelionum
1105 1504 1162 1547 et
1195 1497 1476 1548 irrisorum.
1516 1497 1608 1545 Ca-

535 1575 665 1626 nub.
706 1575 879 1625 Lesbia.

604 1658 666 1702 61
712 1640 826 1715 Vos]
862 1652 925 1701 Id
948 1658 1049 1712 est,
1072 1651 1179 1700 Vos
1203 1649 1400 1699 nobiles
1425 1650 1610 1698 Roma·

539 1730 612 1793 ni,
642 1730 825 1794 quibus
860 1730 952 1778 illa
974 1728 1202 1778 felicitas
1223 1726 1345 1778 Jani
1370 1741 1468 1774 non
1492 1740 1611 1775 con-

539 1821 688 1856 cessa
731 1812 832 1866 est,
872 1813 933 1855 ut
976 1805 1062 1870 qui
1110 1805 1162 1852 in
1208 1803 1472 1863 anteriori,
1510 1816 1610 1850 non

539 1882 697 1931 etiam
719 1881 770 1930 in
795 1881 1069 1945 posteriori
1105 1885 1255 1943 parte
1279 1878 1465 1942 capitis
1490 1892 1611 1927 ocu-

539 1958 616 2008 los
641 1958 840 2021 geritis,
861 1972 926 2005 ne
950 1956 1244 2005 adulatores
1264 1961 1383 2019 post
1408 1962 1610 2017 tergum

542 2047 633 2083 vos
668 2032 893 2082 ludibrio
932 2031 1181 2090 habeant,
1203 2031 1386 2080 sedulo
1409 2037 1610 2079 cavete.

538 2110 738 2164 —Quos
760 2109 930 2169 vivere,
950 2107 1057 2171 asca]
1092 2107 1155 2156 Id
1179 2112 1280 2167 est,
1303 2106 1502 2159 Quibus
1527 2120 1612 2155 na-

543 2193 661 2234 tura
683 2183 849 2234 nullos
885 2185 1058 2233 oculos
1098 2183 1151 2231 in
1188 2182 1431 2246 occipitio
1454 2183 1611 2232 collo-

541 2259 700 2321 cavit,
735 2266 791 2308 et
832 2260 906 2307 ita
939 2260 1073 2309 ratio
1112 2267 1194 2308 est
1226 2257 1512 2321 apodoseos
1547 2270 1610 2306 ex

541 2335 817 2399 adjunctis,
834 2335 969 2400 quod
994 2334 1209 2384 Romani
1227 2332 1378 2383 facile
1396 2340 1632 2405 possunt.

540 2409 733 2474 decipi,
758 2410 1047 2474 resipiscite
1072 2425 1195 2476 ergo
1225 2416 1282 2461 et
1317 2408 1636 2461 irrisoribus.

543 2488 755 2552 posthac
797 2489 957 2538 nolite
1001 2489 1234 2539 credere.
1279 2488 1518 2537 Lubin.—
1529 2487 1612 2536 Vi·

539 2579 664 2627 vere,
705 2565 813 2629 Sym]
869 2566 1013 2617 Quos
1056 2566 1303 2614 natalium
1348 2564 1611 2613 humilitas

537 2657 640 2692 non
665 2642 807 2706 cogit
840 2657 934 2706 spe
966 2642 1184 2706 alicujus
1217 2640 1471 2691 commodi
1491 2640 1610 2690 scri·

540 2719 665 2767 bere
690 2734 751 2767 ac
781 2719 1001 2768 recitare
1022 2735 1035 2767 ι
1075 2719 1165 2767 sed
1190 2719 1314 2767 licet
1336 2715 1524 2766 famam
1550 2717 1612 2765 iis

539 2796 740 2845 artibus
762 2797 1030 2860 quaesitam
1053 2804 1405 2855 contemnere,
1428 2803 1483 2844 et
1505 2795 1610 2843 exi-

544 2885 686 2922 mere
712 2887 798 2920 vos
832 2886 1011 2920 eorum
1046 2871 1323 2933 cachinnis,
1347 2871 1433 2935 qui
1463 2871 1612 2921 mise-

541 2963 628 2997 ros
668 2948 972 2997 recitatores
1007 2949 1175 3010 palam
1212 2949 1445 3010 laudant,
1476 2949 1611 2997 clam

538 3023 877 3074 subsannant.
951 3025 1118 3074 Vivere
1144 3024 1337 3088 occipiti
1366 3039 1485 3073 coeco
1516 3026 1612 3073 iuis

528 3098 632 3161 fos,
659 3101 745 3165 qui
768 3100 892 3148 nihil
913 3108 1170 3164 coguntur
1204 3100 1499 3159 admittere,
1522 3115 1612 3150 cu-

529 3174 617 3238 jus
638 3176 807 3238 gratia
829 3183 1013 3239 optare
1037 3176 1230 3226 debent
1251 3177 1373 3228 Jani
1399 3178 1572 3226 oculos
1594 3192 1609 3236 ς

540 3252 608 3302 de
629 3267 728 3317 quo
754 3254 907 3302 modo
930 3253 1149 3303 dictum.
1194 3253 1397 3304 Cosano.

603 3332 669 3377 62
707 3326 927 3385 Posticoe,
947 3328 1055 3390 spen]
1090 3328 1153 3377 Id
1177 3336 1279 3390 est,
1298 3328 1610 3378 Obviamite

542 3405 598 3455 e't
623 3403 852 3453 resistite
878 3403 950 3452 illi
972 3404 1208 3464 irrisioni,
1232 3419 1346 3469 qua»
1371 3403 1431 3453 fit
1454 3420 1487 3453 a
1511 3412 1613 3454 ter-

541 3483 889 3547 go.—Sannoe]
922 3485 1098 3533 Sanna
1121 3492 1220 3546 est,
1242 3499 1299 3533 os
1321 3499 1437 3533 cum
1466 3485 1611 3533 vultu

540 3562 819 3611 distortum
840 3576 932 3625 per
957 3561 1263 3610 irrisionem.
1307 3560 1478 3609 labin.

604 3641 667 3686 6³
706 3638 845 3699 Quis,
864 3635 971 3699 ξω]
997 3635 1131 3684 Vani
1157 3634 1341 3686 Poetae
1368 3649 1610 3698 prosopo-

539 3713 692 3776 poeia,
753 3714 844 3779 qui
898 3712 1219 3761 adulatorem
1285 3712 1607 3774 interrogat:

540 3787 681 3839 Quid
715 3789 930 3852 populus
964 3787 1029 3836 de
1065 3802 1145 3835 me
1176 3788 1434 3853 loquitur?
1504 3789 1610 3840 Qui

542 3877 709 3914 sermo
732 3870 788 3912 et
814 3863 951 3927 quod
982 3863 1236 3926 judicium
1271 3865 1405 3927 vulgi
1438 3864 1501 3913 de
1525 3879 1624 3916 me·

539 3947 596 3988 et
615 3938 739 3987 meis
759 3940 1071 3988 carminibus
1087 3939 1367 4004 ἓ-Ροριιὶί]
1404 3942 1606 3990 Vanum

541 4014 717 4079 populi
736 4015 990 4077 judicium
1010 4030 1111 4066 non
1131 4031 1197 4065 ex
1222 4024 1369 4067 certa
1392 4017 1608 4079 ratione,

536 4089 628 4141 sed
654 4104 718 4139 ex
739 4089 980 4152 opinione
1004 4090 1354 4155 proficiscens,
1376 4099 1432 4141 et
1469 4094 1607 4156 quod

540 4167 764 4232 optimus
788 4166 1006 4231 quisque
1041 4180 1246 4230 semper
1273 4170 1605 4230 contempsit.

539 4244 730 4312 —qu‘s
748 4242 897 4310 quim]
934 4243 1235 4308 Respondet
1260 4244 1435 4295 irrisor
1457 4244 1607 4296 donis

1236 361 1451 410 NOTAE
1502 360 1908 410 vastrorum
1957 358 2038 408 m

1686 512 1843 567 atque
1881 500 2181 552 muneribus
2222 507 2516 566 corruptus.
2593 502 2759 555 Quasi

1684 580 1859 630 dicat:
1906 580 2036 631 Quis
2059 580 2194 628 enim
2216 580 2344 628 alius
2361 578 2427 628 de
2449 579 2552 628 tuis
2567 581 2758 629 carmi·

1685 655 1835 705 nibus
1858 655 2035 719 populi
2052 669 2218 703 sermo
2232 662 2389 715 esset,
2401 655 2497 702 nisi
2514 655 2606 703 illa
2624 655 2760 705 adeo

1687 732 1867 795 polita,
1877 730 2005 779 adeo
2015 728 2248 793 perfecta
2259 737 2314 778 et
2332 730 2512 779 limata
2528 738 2686 792 esset,
2700 740 2758 779 nt

1686 808 1769 856 vel
1791 806 2160 870 Momijudicio
2178 806 2305 855 nihil
2322 805 2459 866 addi,
2473 807 2598 854 nihil
2616 806 2755 856 demi

1686 884 1843 947 possit
1859 883 2057 933 ?——Nisi
2086 884 2316 947 οωηιιίηα,
2337 885 2444 948 ξω]
2479 884 2593 934 Nisi
2615 884 2757 949 qnod

1685 961 1914 1010 carmina
1952 965 2042 1010 tua
2075 966 2286 1009 currant
2314 968 2369 1009 et
2401 958 2566 1011 fluant
2606 974 2756 1010 versu

1687 1036 1824 1086 facili
1849 1044 1904 1086 et
1929 1035 2059 1085 bene
2082 1036 2373 1099 conjuncto.
2420 1036 2597 1086 Labda.

1749 1117 1814 1163 64
1848 1112 1990 1162 Mona·
2013 1111 2227 1175 minero]
2264 1111 2327 1161 Id
2346 1118 2446 1174 est,
2467 1113 2609 1162 Mira
2630 1112 2756 1162 faci·-

1686 1189 1851 1251 litate,
1875 1188 2244 1249 dexteritate,'
2230 1202 2283 1236 ιιι
2308 1189 2493 1253 quibus
2517 1190 2644 1239 nihil
2667 1189 2758 1239 du·

1687 1282 1814 1330 rum,
1834 1266 2074 1332 rigidum,
2091 1281 2349 1330 asperum.
2353 1268 2614 1332 —Flaerd
2633 1269 2755 1318 Sine

1686 1345 1792 1393 ullo
1836 1344 2012 1393 labore
2051 1358 2080 1392 a
2117 1350 2171 1392 te
2210 1344 2471 1406 componi.
2513 1344 2778 1395 laabim—-

1688 1421 1877 1485 Fuere]
1910 1421 1944 1472 J
1951 1421 2123 1470 udicia
2144 1410 2437 1469 auditorum
2459 1421 2652 1484 carpit,
2668 1421 2756 1485 qni

1686 1510 1799 1545 eam
1826 1497 1986 1545 solam
2009 1495 2292 1544 orationem
2319 1495 2629 1558 probabant,
2645 1510 2776 1546 sive-

1687 1572 1930 1635 ἔμμετρον,
1980 1573 2092 1620 sive
2143 1570 2361 1633 ὅμηρον,
2416 1587 2536 1636 qnae
2574 1579 2778 1622 tenera·

1688 1649 1906 1712 qttadam
1928 1648 2236 1698 elocutionis
2253 1656 2374 1698 cute
2392 1656 2530 1697 esset
2550 1656 2754 1711 operta.

1691 1726 1952 1776 Omnbus.
1987 1728 2083 1775 Est
2105 1741 2229 1789 ergo
2251 1726 2333 1774 liic
2356 1740 2565 1775 sensus:
2603 1724 2772 1774 Adeo·

1686 1804 1850 1868 polita
1888 1810 2007 1852 sunt
2032 1811 2123 1851 tua
2154 1803 2398 1862 carmina,
2431 1809 2490 1851 ut
2523 1803 2669 1852 velut
2700 1802 2754 1850 in

1686 1881 2040 1940 marmoribus,
2054 1879 2300 1943 quidquid
2319 1878 2503 1927 dextre
2509 1878 2753 1942 junctum

1686 1964 1741 2007 et
1764 1963 2064 2020 coaptatum
2100 1965 2201 2016 est,
2225 1961 2280 2003 et
2302 1952 2495 2003 affabre
2518 1954 2754 2003 commis·

1686 2048 1819 2093 sum,
1849 2042 1902 2081 et
1934 2033 2072 2080 nulla
2101 2032 2387 2095 asperitate
2422 2031 2608 2079 relicta
2640 2045 2753 2093 per-

1686 2110 1815 2159 laeve
1838 2117 1894 2158 et
1918 2108 2232 2172 perpolitum
2254 2115 2334 2156 est
2357 2106 2690 2169 etjunctnm‚
2713 2106 2756 2155 si

1688 2186 1939 2249 unguibus
1982 2190 2325 2249 pertentetur,
2361 2196 2557 2246 ungues
2596 2182 2752 2231 etiam

1685 2274 1891 2319 severos
1915 2269 1972 2311 et
1995 2269 2238 2311 accurate
2263 2260 2583 2323 inquirentes
2601 2266 2656 2307 et
2666 2260 2749 2322 ju*

1687 2338 1938 2401 dicantes,
1965 2352 2065 2387 non
2103 2336 2429 2393 intromittit,
2462 2334 2556 2383 sed
2594 2333 2752 2383 effun-

1688 2415 1785 2474 dit,
1810 2422 1865 2465 et
1899 2414 2221 2475 transmittit,
2244 2419 2303 2462 ut
2339 2412 2478 2461 nulla
2503 2412 2755 2475 junctura

1688 2492 1974 2558 sentiatur:
2027 2490 2102 2539 ita
2143 2492 2194 2538 in
2234 2491 2607 2552 compositione
2643 2504 2755 2537 ver·

1687 2582 1830 2616 suum
1858 2576 2057 2616 tuorum
2084 2567 2223 2615 nulla
2237 2573 2319 2615 est
2335 2565 2681 2631 inaequalitas,
2700 2574 2755 2614 et

1687 2644 1760 2693 illi
1782 2652 2023 2694 exactum
2059 2643 2364 2693 Criticorum
2385 2642 2650 2705 judicium
2680 2641 2772 2691 fa·.

1685 2719 1785 2768 cile
1809 2719 2083 2769 sustinent.
2150 2719 2299 2768 Ordo
2329 2725 2498 2768 antem
2521 2725 2636 2768 est:
2682 2721 2755 2768 Ut

1674 2798 1923 2861 junctura
1955 2799 2064 2862 (vel
2095 2799 2428 2847 commissura
2457 2798 2753 2856 marmoris)

1684 2871 1905 2922 effundit
1939 2888 2136 2936 ungues
2167 2888 2390 2930 severos,
2419 2887 2507 2936 per
2533 2873 2667 2935 leve,
2698 2872 2749 2920 id

1685 2956 1783 3009 est,
1819 2964 1912 3013 per
1948 2950 2167 3012 politum
2203 2957 2258 2999 et
2293 2950 2585 3011 laevigatnm
2621 2963 2753 2997 mar·

1685 3041 1814 3087 mor,
1830 3027 2151 3076 transmissos
2171 3043 2186 3074 ς
2221 3027 2550 3074 volutantem
2566 3025 2750 3087 unguis

1683 3115 1786 3150 non
1805 3102 2168 3151 intromittitur
2188 3100 2239 3148 in
2257 3100 2663 3160 commissuram,
2684 3100 2750 3148 ob

1685 3178 1998 3241 aptissimam
2023 3178 2435 3240 conjunctionem
2456 3193 2469 3225 z
2499 3176 2578 3224 ita
2593 3175 2774 3225 etiam·

1684 3268 1900 3303 censura
1941 3255 2021 3302 vel
2055 3253 2310 3316 judicium
2349 3253 2660 3302 Criticornm
2698 3253 2762 3301 in,

1684 3342 1892 3378 carmen
1909 3344 2012 3378 non
2033 3329 2345 3390 admittitur,
2365 3329 2433 3377 ob
2454 3335 2768 3378 accuratam

1683 3407 2131 3470 compositionem.
2166 3406 2340 3455 Lubin.

1748 3487 1811 3533 ⁶5
1848 3481 2108 3546 Effiiadm]
2144 3483 2263 3530 Non
2299 3481 2633 3541 intromittat,
2656 3481 2750 3529 sed

1683 3559 1946 3618 excludat,
1959 3573 2073 3607 cum
2097 3559 2235 3606 nulla
2252 3557 2325 3605 ibi
2343 3557 2492 3616 rima,
2511 3559 2769 3620 veljunc··

1685 3640 1817 3682 turae
1865 3634 2142 3696 vestigium
2186 3641 2460 3697 appareat.
2537 3633 2766 3682 Mallem

1685 3709 1938 3772 Effudit.-
1973 3709 2036 3758 Id
2060 3716 2160 3768 est,
2203 3710 2319 3758 Non
2357 3718 2645 3758 remoratur
2666 3708 2751 3757 vel

1682 3783 1902 3847 impedit
1925 3800 2116 3846 ungues
2132 3801 2223 3849 per
2244 3800 2470 3835 marmor
2489 3785 2768 3834 nammis«.

1681 3875 1764 3910 sos
1790 3862 1931 3910 nulla
1962 3862 2204 3911 obstante
2240 3861 2750 3926 asperitate—Sete-

1679 3938 1779 4000 ros]
1814 3939 2038 3988 Severum
2077 3953 2333 4001 vocamus,
2367 3939 2459 4003 qui
2487 3939 2750 4003 justitiam

1681 4014 1745 4062 ad
1772 4028 1995 4077 unguem
2035 4015 2116 4064 vel
2151 4015 2217 4063 ad
2259 4016 2430 4064 vivum
2470 4021 2750 4065 resecat.-

1679 4089 1941 4152 dam-tura]
1988 4089 2286 4154 Allegorice
2324 4090 2751 4154 compositionem

1684 4179 1918 4213 versuum
1952 4164 2062 4213 sine
2097 4165 2200 4213 ulla
2231 4165 2514 4229 asperitate
2547 4173 2604 4214 et
2628 4167 2770 4215 ἰιικ-ι

1682 4243 1928 4309 qualitate
1942 4241 2300 4308 politissimam
2314 4242 2644 4308 intelligit.—
2654 4244 2751 4293 Ua·
