3050 4913
1106 411 1350 462 Pnusn

296 571 363 607 ac
398 553 564 621 loqui,
605 556 761 606 verba
804 571 1054 620 usurpare
1087 541 1218 606 sivest
1234 558 1361 606 scri-

299 637 493 698 bendo,
513 637 620 685 sive
644 637 915 702 loquendo.
975 636 1361 685 Casuum—Pal-

298 713 471 775 lentes]
496 713 681 761 Sensus
700 720 810 763 est:
830 716 927 776 Tu,
944 714 1111 770 Persi,
1134 712 1363 761 didicisti

299 790 543 853 Satyram
579 789 827 852 scribere,
859 795 914 838 et
952 790 1136 840 doctus
1166 804 1239 850 es,
1264 789 1362 836 vir-

300 872 468 915 tutem
494 874 547 914 et
578 867 902 928 sapientiam,
935 867 1148 930 ejusque
1186 867 1363 929 majes-

295 949 466 992 tatem
502 943 881 1004 commendare,
904 949 958 992 et
999 957 1164 990 mores
1204 941 1361 992 homi-

295 1034 427 1068 mum
466 1034 650 1083 pravos
688 1025 743 1068 et
781 1020 848 1068 oh
883 1019 1068 1067 malam
1102 1017 1363 1067 conscien-

299 1099 428 1148 tiam
449 1100 712 1162 pallentes
736 1106 791 1149 et
814 1090 1136 1162 trepidantes
1163 1097 1363 1158 radere,

297 1173 561 1235 mordere,
583 1181 637 1224 et
660 1175 920 1224 insectari.
972 1175 1056 1225 Sic
1085 1175 1359 1224 Horatius:

299 1252 319 1279 ‘
349 1251 440 1300 Nil
480 1252 715 1300 conscire
749 1251 861 1312 sibi,
900 1251 1041 1300 nulla
1078 1251 1362 1314 pallescere

301 1326 489 1390 culpa?
513 1326 803 1389 —Rnderd
860 1326 1235 1390 Perstringere,
1279 1339 1365 1376 no*

304 1410 438 1450 tare.
507 1403 676 1451 Lubin.

323 1483 334 1492 ⁶
375 1482 436 1526 16
490 1478 696 1540 Doctus]
752 1478 1076 1541 Ingeniosus:
1118 1483 1170 1525 et
1193 1482 1366 1540 potest

223 1599 228 1604 .
305 1568 420 1603 esse
452 1553 709 1616 Particip.
745 1569 840 1618 pro
882 1551 1270 1615 &buxetia—Et
1290 1552 1363 1600 in-

299 1631 480 1693 genuo]
523 1630 755 1680 Aliorum
797 1631 1002 1695 culpam
1045 1637 1101 1679 et
1135 1629 1367 1692 crimina,

304 1721 408 1755 non
437 1707 732 1770 petulanter
770 1714 826 1756 et
866 1708 1076 1769 rustice,
1098 1705 1190 1754 sed
1228 1706 1366 1767 inge-

305 1795 428 1844 nuo,
452 1782 651 1830 liberali
685 1790 740 1830 et
775 1780 972 1830 urbano
1000 1783 1125 1845 Joco
1162 1787 1218 1829 et
1252 1782 1368 1829 sali·

307 1857 404 1906 bns
426 1856 652 1919 defigere
689 1866 742 1907 et
774 1866 976 1921 notare,
1009 1858 1156 1921 quasi
1197 1857 1368 1907 ridens

308 1933 594 1997 ludensque
644 1933 773 1983 vitia
814 1933 1369 2000 carpere.—Deflgere]

308 2011 532 2072 Notare,
551 2011 635 2058 vel
659 2010 828 2073 potins
861 2009 1036 2070 ferire,
1059 2015 1116 2058 et
1150 2009 1368 2059 transfo-

307 2084 449 2134 dere.
502 2085 704 2135 Salibus
724 2092 779 2134 et
797 2085 1078 2135 acrioribus
1093 2084 1251 2148 jocis,
1275 2099 1369 2135 ceu

307 2161 536 2223 colaphis
560 2168 757 2223 petere.
796 2162 997 2210 Casani».

375 2243 435 2287 17
472 2239 625 2299 Hinc,
645 2238 752 2302 ssa]
785 2239 916 2287 Hinc
936 2253 1004 2288 ex
1038 2238 1291 2301 corruptis
1315 2246 1369 2287 et

307 2314 604 2377 depravatis
647 2315 904 2364 hominnm
960 2314 1205 2375 moribus,
1264 2323 1368 2365 tuoe

308 2390 513 2454 Satyrae
568 2391 925 2440 convenientia
978 2392 1259 2455 deprome:
1317 2398 1372 2442 ct

307 2466 424 2517 illas
483 2468 707 2530 tragicas
751 2468 1013 2532 materias,
1067 2483 1265 2517 coenam
1315 2474 1371 2517 et

309 2556 513 2592 mensas
549 2543 833 2607 Thyesteas
870 2548 926 2591 et
966 2542 1216 2606 Procnes,
1255 2559 1370 2593 cum

310 2618 488 2683 capite
510 2627 567 2668 et
589 2619 823 2682 pedibus,
855 2618 968 2667 aliis
1006 2619 1281 2683 grandibus
1316 2625 1373 2668 et

310 2694 522 2744 tumidis
563 2695 744 2744 Poetis
783 2695 1373 2758 relinquen—Relinque,

309 2774 415 2836 ξω]
445 2772 530 2820 Ne
564 2785 707 2819 sume
747 2771 841 2820 tibi
880 2772 1222 2835 Tragoediam,
1257 2786 1373 2836 qum

313 2847 566 2897 describit
599 2862 843 2912 mensam,
886 2848 940 2896 in
984 2861 1086 2910 qua
1119 2855 1278 2910 caput
1318 2855 1375 2897 et

312 2923 492 2989 pedes,
532 2930 587 2972 et
625 2923 827 2988 reliqua
866 2925 1096 2974 membra
1136 2923 1379 2988 filiorum,

314 3001 455 3067 patri
475 3002 712 3064 Thyestae
738 3002 790 3049 in
814 3001 982 3050 cibum
1005 3002 1245 3065 apposita
1266 2999 1375 3050 fue-

311 3077 699 3141 re.—Mycenis]
753 3077 816 3125 In
856 3078 1071 3128 civitate
1115 3078 1373 3139 Laconiae‚

310 3152 406 3203 nbi
464 3153 655 3202 Atreus
701 3153 944 3217 Thyestae
1001 3152 1172 3217 fratri,
1213 3153 1374 3209 tilium

313 3230 629 3294 epulandum
661 3231 794 3292 patri
832 3231 1089 3293 apposuit.
1155 3230 1262 3279 Alii
1303 3232 1375 3279 le-

315 3313 451 3370 gunt
471 3306 713 3369 Mycenas,
736 3307 872 3370 quod
907 3314 1045 3357 esset
1081 3321 1174 3371 pro
1213 3308 1376 3372 Myce-

311 3398 461 3447 noeas.
518 3383 700 3432 Lubin.

383 3464 448 3508 18
486 3459 784 3524 Plebeiaque]
815 3460 1075 3525 Quicquid
1112 3461 1177 3509 ad
1215 3461 1374 3515 vitam

312 3549 637 3586 communem
658 3544 712 3584 et
735 3536 981 3600 populum
1003 3536 1376 3593 emendandum

314 3618 543 3675 spectat.
581 3611 780 3662 Omitte
805 3602 930 3677 ergo
952 3622 1250 3677 argumenta
1274 3622 1376 3663 tra-

317 3689 438 3751 gica
470 3696 525 3737 et
564 3703 764 3738 omnem
799 3690 1044 3739 orationis
1081 3706 1264 3740 vanum
1297 3697 1377 3739 tu-

314 3778 533 3814 morem.
603 3765 800 3815 Casuub.

385 3843 450 3887 19
485 3841 613 3900 Non,
650 3838 756 3903 ξω]
819 3842 1121 3905 Respondet
1164 3841 1376 3897 Persius

305 3917 424 3980 jam
464 3915 530 3963 ad
571 3916 786 3964 Cornuti
817 3918 894 3965 sui
923 3918 1255 3987 praeceptoris
1289 3917 1377 3965 ob-

267 3990 622 4061 jjectioncm.
691 3993 812 4041 Non
857 3995 952 4043 hoc
999 4009 1114 4057 ago,
1158 4002 1217 4042 ut
1259 4009 1378 4053 cen5

318 4072 431 4115 tum
470 4081 560 4114 ora
592 4076 647 4116 et
679 4068 880 4133 linguas
917 4078 1115 4133 nactus,
1149 4070 1380 4134 grandia,

317 4150 377 4192 et
429 4144 668 4193 sublimia
707 4145 1046 4195 deliramenta
1101 4136 1381 4196 Poetarum

318 4212 933 4286 describam-Battum]
963 4223 1025 4272 In
1048 4223 1253 4273 modum
1276 4223 1384 4272 bul·

319 4297 388 4376 ,ῳ
413 4294 625 4357 inflatis,
646 4304 703 4346 et
736 4298 974 4363 turgidis,
1004 4300 1096 4349 sed
1130 4299 1381 4369 inanibus.

455 4380 637 4455 pelph.
660 4385 707 4451 et
736 4381 849 4431 Ver.
869 4382 997 4444 Clas.

1439 410 1605 462 ΕΔΤ,
1650 412 1718 460 V.

2362 399 2492 467 257

1434 557 1607 605 hubin.
1676 556 1738 605 ln
1782 556 1907 605 Mas.
1952 555 2257 621 quibusdam
2300 559 2492 623 legitur

1431 633 1656 696 palatis.-
1691 633 1898 697 pullatae
1938 648 2104 697 uugae,
2144 650 2257 698 quae
2296 638 2495 698 pullatis

1436 717 1490 758 et
1508 709 1623 757 vilis
1646 709 1837 772 popelli
1851 708 2052 772 jndicio
2073 708 2175 758 sint
2197 711 2493 772 probanda».

1437 787 1554 835 Nec
1597 787 1730 834 male
1775 792 1926 835 vetus
1970 785 2241 849 interpres,
2268 789 2495 852 quisquis

1436 863 1527 910 ille
1558 861 1677 925 fuit,
1710 863 1775 911 de
1816 862 2030 926 tragicis
2072 865 2388 926 argumentis
2423 864 2497 914 in-

1439 943 1795 1002 terpretatnr3
1829 952 2031 1001 semper
2062 939 2197 987 enim
2229 939 2280 987 in
2314 945 2498 1002 tragoe·

1437 1012 1539 1062 diis
1562 1028 1713 1077 reges
1737 1015 1940 1077 pullati,
1972 1015 2068 1063 hoc
2102 1022 2199 1076 est,
2232 1015 2421 1076 maesti,
2441 1022 2497 1066 et

1437 1089 1608 1154 aliquo
1644 1088 1839 1150 ingenti
1879 1104 2003 1139 casu
2042 1090 2219 1140 tristes
2253 1090 2501 1141 inducun-

1438 1173 1541 1215 tur.
1611 1166 1814 1215 casaub.

1500 1246 1569 1290 20
1600 1242 1812 1305 Pagina,
1851 1243 1957 1306 Gra]
2024 1245 2263 1297 Carmen.
2345 1251 2501 1317 Dare,

1436 1316 1540 1381 ξω]
1575 1320 1706 1369 Quae
1739 1319 1928 1382 pagiua
1948 1317 2142 1370 fumum
2178 1329 2232 1372 et
2255 1339 2335 1372 res
2359 1326 2498 1375 leves

1435 1401 1493 1441 et
1516 1408 1671 1442 vanas
1694 1396 1928 1445 extollat.
1977 1398 2206 1448 'furnelz
2230 1413 2330 1450 xx.
2356 1407 2401 1451 1.

1503 1472 1565 1519 21
1602 1470 1803 1531 Sem-eti,
1823 1472 1929 1533 δῖα]
1967 1472 2097 1521 Haec
2119 1488 2220 1522 non
2244 1477 2499 1537 omnibuS,

1441 1547 1534 1595 sed
1559 1548 1652 1597 tibi
1679 1548 1810 1597 dico.
1856 1550 1942 1598 Ne
1966 1551 2168 1600 scilicet
2190 1554 2303 1616 quis
2328 1555 2502 1604 existi-

1441 1630 1550 1672 met
1571 1638 1654 1672 me
1675 1625 1864 1688 aliquid
1886 1626 2095 1675 auribus
2114 1628 2215 1676 tuis
2238 1628 2502 1695 daturum,

1442 1705 1498 1749 et
1536 1706 1591 1749 te
1632 1714 1806 1750 coram
1838 1701 1952 1749 aliis
1990 1701 2333 1767 laudaturum,
2365 1707 2501 1769 quod

1443 1776 1754 1826 adulationis
1794 1778 2019 1840 speciem
2074 1779 2503 1848 haberet.-—Tib1’‚

1441 1852 1547 1916 ξφ]
1578 1853 1765 1903 Sensus
1788 1861 1899 1904 est:
1936 1855 2127 1905 Intima
2150 1861 2377 1920 pectoris
2400 1861 2503 1910 mei
2562 1913 2571 1930 x

1445 1930 1730 1989 penetralia
1748 1930 1859 1994 tibi,
1873 1947 1904 1980 o
1919 1932 2162 1996 cornute,
2180 1933 2333 1998 idque
2354 1936 2504 1985 Musa

1445 2005 1754 2055 exhortante
1797 2014 1850 2056 et
1890 2008 2186 2072 instigante,
2236 2025 2373 2061 nunc
2418 2027 2505 2061 ex-

1444 2082 1685 2134 cutienda
1708 2090 1765 2132 et
1786 2088 2104 2149 exploranda
2127 2087 2365 2149 exhibeo,
2402 2103 2507 2139 me-

1445 2174 1548 2223 que
1586 2161 1682 2211 tibi
1727 2167 1892 2210 totuin
1938 2163 2109 2226 pando
2140 2170 2197 2212 et
2242 2165 2507 2227 aperio.—

1448 2236 1703 2302 Camoenae]
1736 2240 1923 2300 Musa»,
1958 2240 2104 2305 quasi
2128 2247 2288 2291 castoe
2321 2242 2508 2292 mentis

1446 2315 1711 2375 praesides.
1777 2315 1948 2365 Lubin.

1511 2395 1576 2440 22
1613 2392 1933 2454 Excutienda]
1957 2392 2328 2455 Examiuanda‚
2350 2394 2507 2459 inspi-

1445 2466 1647 2515 cienda.
1682 2469 1956 2516 Praecordt‘a
1979 2482 2070 2531 pro
2091 2469 2509 2525 animm-Quan-

1445 2546 1605 2605 taque,
1652 2542 1755 2607 ξω]
1820 2544 2088 2592 Sententia
2129 2557 2162 2591 a
2211 2545 2509 2608 Pythagora

1449 2626 1635 2683 tracta,
1655 2620 1918 2669 dimidiam
1945 2620 2126 2668 animae
2159 2634 2268 2668 suae
2303 2629 2506 2683 partem

1448 2694 1580 2745 dicit
1624 2696 1927 2757 Cornutum,
1958 2703 2017 2745 ut
2054 2696 2299 2744 Horatius
2339 2697 2508 2760 Virgi-

1447 2771 1600 2821 lium:
1641 2773 1656 2803 ‘
1685 2773 1755 2821 Et
1797 2786 1970 2820 serves
2016 2770 2197 2819 animae
2240 2769 2507 2822 dimidium

1449 2846 1617 2895 mete!
1696 2846 1802 2901 Vet-
1829 2847 1940 2896 Sca.
1960 2875 2026 2883 -—
2052 2845 2346 2909 Quantaque,
2399 2849 2513 2912 ξω]

1450 2923 1714 2972 Quantum
1728 2936 1851 2985 ,ego
1898 2929 2016 2971 tuus
2058 2922 2173 2983 sim,
2210 2928 2267 2970 ut
2300 2920 2511 2979 demon-

1448 3002 1629 3059 strem,
1656 2998 1755 3051 huc
1786 2998 1906 3046 mihi
1933 3004 2012 3046 tot
2048 3010 2155 3061 ora,
2179 3002 2258 3044 tot
2283 3012 2432 3049 voces
2456 3006 2511 3050 et

1448 3072 1650 3135 linguas
1670 3085 1880 3137 exoptm

1514 3153 1578 3197 23
1617 3149 1845 3213 Cornuto]
1871 3154 1990 3203 Fuit
2014 3156 2357 3222 Philosophus
2382 3158 2515 3207 Stoi-

1451 3238 1558 3284 cus,
1590 3224 1758 3274 Persii
1799 3240 2114 3294 praeceptor,
2159 3242 2346 3298 quarto
2392 3240 2512 3297 post

1453 3301 1624 3350 Persii
1647 3310 1862 3358 mortem
1887 3322 2021 3357 auno
2043 3324 2073 3357 a
2098 3310 2308 3360 Nerone
2330 3312 2381 3359 in
2405 3311 2513 3361 exi-

1449 3374 1573 3435 lium
1595 3378 1789 3441 pulsus.
1854 3382 2028 3433 Lubin.

1515 3465 1579 3510 24
1601 3461 1887 3525 Ostendisse‚
1901 3462 2007 3524 esa]
2026 3464 2194 3513 Quam
2212 3477 2329 3511 vere
2348 3461 2510 3512 amice

1452 3554 1577 3601 erga
1618 3545 1672 3587 te
1716 3536 1955 3587 adfectus
1996 3539 2369 3596 sim.--Pu1⁸a‚
2401 3537 2510 3601 esa]

1453 3614 1614 3667 Quasi
1657 3614 1828 3662 dicat:
1881 3614 1935 3661 Si
1976 3615 2138 3662 miuus
2172 3613 2284 3662 haec
2323 3614 2512 3675 crediS,

1452 3696 1656 3738 tantum
1695 3690 1774 3736 fac
1812 3687 1963 3736 modo
1999 3688 2305 3751 periculum,
2329 3695 2384 3738 et
2422 3704 2513 3738 ex·

1453 3768 1618 3828 plora,
1635 3767 1721 3831 qui
1746 3766 1872 3814 satis
1894 3766 2076 3814 doctus
2095 3780 2169 3828 es,
2190 3765 2365 3815 fictum
2392 3767 2517 3816 ami·

1454 3856 1568 3903 cum
1591 3857 1620 3889 a
1646 3856 1766 3889 vero
1789 3841 2346 3905 discernere.—-Pu1sa]
2372 3842 2516 3893 Alle-

1456 3919 1600 3980 goria
1641 3917 1706 3966 ab
1747 3918 1869 3979 illis,
1908 3919 1995 3981 qui
2039 3916 2232 3966 tinnitu
2266 3927 2320 3969 et
2346 3921 2517 3983 pulsu,

1455 3992 1690 4043 fictilium
1734 3994 2083 4056 integritatem
2137 3994 2515 4057 explorant.—

1457 4071 1763 4131 Dignoscere‚
1783 4069 1890 4133 qm]
1925 4069 2061 4118 Satis
2097 4070 2303 4133 doctus»,
2337 4078 2392 4119 et
2426 4085 2517 4133 pe-

1457 4147 1589 4196 ritus
1603 4147 1994 4210 dignoscere‚et
2018 4147 2328 4196 discernere.
2364 4148 2513 4198 laem.

1521 4228 1585 4272 25
1618 4224 1848 4286 Selicium,
1867 4224 1973 4287 ξω]
2007 4225 2159 4275 Quod
2183 4225 2437 4287 integrum
2461 4231 2520 4273 et

1458 4299 1713 4349 sincerum
1738 4306 1904 4350 sonet.
1971 4299 2233 4349 Fictilinm
2266 4298 2404 4348 euim
2436 4314 2516 4349 so·

1346 4383 1482 4455 ‚Pm-
2340 4382 2388 4435 Β
