3050 4913
505 1181 1322 1289 RECENSUS
1420 1197 2344 1293 EDITIONUM

1186 1441 1632 1538 PERsu,

347 1657 603 1710 nonos
638 1660 960 1713 Aucnon
991 1660 1831 1715 rAnmcro-Ennns‘rmno
1866 1662 1955 1713 m·
1998 1661 2080 1714 IN
2128 1659 2481 1716 ouA'ruon

1057 1773 1350 1824 AETA'ms
1395 1771 1752 1824 mensa-us
2462 1745 2467 1746 ἢ

1242 2028 1571 2051 ‘neem

324 2267 602 2360 Pssnsu
662 2313 851 2359 AETAs
910 2315 959 2361 1.
999 2298 1205 2359 natalis
1260 2298 1701 2372 1·469.—1499.
1726 2322 1743 2370 3
1766 2319 1917 2379 *quae
1969 2299 2046 2360 ad
2089 2300 2351 2360 Persium
2392 2311 2517 2361 tum

401 2394 717 2475 separatim
754 2391 878 2454 sine
921 2397 1055 2454 loco
1095 2404 1154 2454 et
1181 2413 1355 2466 anno,
1386 2406 1511 2454 tum
1534 2393 1738 2454 Romae
1765 2414 1864 2474 ap.
1889 2393 2094 2455 Udalr.
2124 2396 2364 2454 Gallum
2396 2403 2515 2472 (an.

407 2494 612 2564 1470.)
653 2511 790 2551 cum
834 2492 1115 2551 Juvenale
1158 2492 1383 2551 editum
1422 2491 1672 2568 origines
1709 2490 1902 2550 refert.
1990 2492 2114 2549 Has
2161 2503 2521 2568 exceperunt

347 2640 352 2645 .
404 2590 736 2657 Brixienses
763 2589 840 2647 ab
864 2600 959 2647 an.
997 2597 1170 2659 1473.
1188 2598 1251 2648 et
1271 2584 1735 2647 Mediolanenses
1758 2585 2040 2645 Zarotiuae
2068 2586 2145 2645 ab
2172 2606 2268 2646 an.
2303 2594 2516 2657 1474.;

403 2684 649 2745 Venetae
674 2684 830 2756 dein,
859 2703 1103 2763 quarum
1136 2701 1183 2746 1.
1214 2703 1349 2743 eum
1380 2685 1611 2743 comm.
1644 2675 1844 2745 Barth.
1876 2683 2065 2741 Fontii
2093 2683 2311 2760 prodiit
2344 2692 2517 2744 1480.

406 2781 505 2841 Ab
524 2781 760 2841 alterius
776 2781 1250 2840 commentatoris
1271 2781 1305 2839 J
1310 2801 1368 2840 o.
1391 2779 1710 2840 Britannici
1738 2799 1879 2839 cura
1901 2779 2342 2838 commendatur
2355 2779 2521 2837 Brix-

401 2876 573 2937 iensis
595 2893 676 2938 11.
716 2886 887 2938 1481.
977 2879 1239 2955 Uterque
1271 2876 1468 2953 juncti
1493 2887 1832 2954 comparent
1870 2877 1928 2933 in
1957 2878 2181 2935 Veneta
2205 2891 2304 2934 vl.
2340 2864 2533 2947 1491.

407 2973 639 3032 Persius
666 2993 805 3033 vero
836 2974 928 3033 vel
956 2974 1137 3044 solus,
1170 2974 1259 3032 vel
1290 2993 1425 3032 cum
1453 2973 1739 3032 juvenale
1769 2971 1867 3031 edi
1896 2962 2221 3030 cousuevit.

327 3069 459 3129 Sine
484 3089 641 3129 anno
664 3083 726 3130 ct
756 3069 924 3130 loco:
956 3071 1135 3129 Persii
1165 3073 1388 3149 Satyrae
1412 3092 1427 3139 ;
1461 3090 1637 3147 quam
1660 3069 1917 3147 scriptor
1932 3070 2121 3127 Catal.
2147 3067 2300 3128 Bibl.
2330 3068 2523 3128 Hulsi-

408 3185 536 3225 anae
561 3167 821 3224 omnium
851 3166 1177 3243 principem
1207 3174 1409 3225 censet
1435 3185 1509 3224 ex
1535 3165 1854 3242 versu,-qui
1882 3165 1937 3223 in
1967 3164 2083 3223 fine
2111 3165 2356 3243 legitur:

651 3277 905 3355 Explicit
934 3280 1178 3358 ignotus
1205 3297 1310 3356 per
1338 3286 1525 3336 totum
1560 3278 1807 3337 Persius
1835 3276 2056 3337 orbem.

328 3422 412 3437 —
440 3389 617 3449 Persii
645 3392 839 3450 Flacci
866 3391 1205 3450 nobilissimi
1231 3391 1471 3470 Satyrici
1500 3391 1726 3463 unicus,
1751 3390 1855 3451 sed
1877 3389 2335 3470 elegantissimus
2352 3391 2525 3469 Saty·

411 3506 608 3547 rarum
648 3487 795 3547 liber
823 3488 923 3548 sol.
954 3489 1212 3547 occurrit
1262 3489 1318 3546 in
1367 3490 1498 3548 Cat.
1550 3488 1704 3546 Bibl.
1755 3488 2106 3548 Uffeubach.
2135 3488 2213 3545 T.
2253 3504 2329 3546 11.
2357 3489 2523 3567 App.

359 3596 366 3603 ·
413 3583 701 3642 Incunab.
731 3582 871 3642 artis
903 3595 1129 3661 typogr.
1161 3583 1391 3642 Additt.
1424 3605 1480 3641 u.
1510 3581 1648 3643 346.
1678 3602 1739 3660 p.
1773 3592 1908 3651 817.

330 3712 413 3728 -—
439 3687 498 3737 4.
527 3679 756 3737 Persius
783 3701 916 3738 cum
945 3680 1154 3757 glossis
1183 3679 1474 3757 Scipionis
1504 3677 1745 3738 Ferrarii
1770 3678 2011 3754 Georgii
2040 3676 2141 3735 filii
2164 3675 2239 3735 de
2258 3678 2527 3740 Mousar-

411 3782 559 3843 rato,
590 3790 946 3834 memoratur
986 3775 1227 3853 Engelio
1275 3776 1332 3834 in
1385 3774 1539 3835 Bibl.
1588 3774 1783 3834 select.
1815 3794 1874 3851 p.
1909 3781 2042 3835 123.
2130 3772 2294 3832 Idem
2322 3775 2524 3856 Scipio

414 3870 587 3929 etiam
617 3869 674 3928 in
706 3873 833 3930 Val.
866 3873 1060 3932 Flacci
1091 3875 1415 3950 Argonaut.
1445 3873 1670 3950 glossas
1697 3869 1903 3930 edidit.

333 3965 470 4026 Sine
512 3986 687 4037 auno,
739 3969 921 4027 Persii
964 3972 1220 4048 Satyrum
1263 3969 1431 4048 cujus
1476 3968 1572 4026 ed.
1620 3977 1985 4036 vetustatem,
2021 3972 2181 4026 certe
2232 3966 2291 4025 in
2334 3919 2529 4028 Gallia

413 4062 821 4217 grincipatum,
873 4066 1094 4144 colligit
1141 4066 1398 4145 scriptor
1445 4067 1581 4126 Cat.
1628 4062 1781 4124 Bibl.
1831 4063 2007 4125 Huls.
2055 4082 2127 4123 ex
2172 4063 2482 4125 versibus*
2464 4083 2527 4123 m

464 4176 571 4217 ne

465 4270 641 4336 netu..
660 4275 707 4320 ει
737 4271 852 4322 var.
874 4273 1002 4323 σιω.
1453 4272 1597 4324 pm.
2348 4269 2400 4321 'r
2453 4279 2465 4290 κ
