3050 4913
488 338 582 406 48

1264 351 1338 401 A.
1387 351 1601 401 Pmtsl
1613 351 1636 397 1
1689 350 1958 400 FMGGI

494 498 708 563 Omne
736 495 922 562 vafer
948 495 1189 559 vitium
1217 493 1456 558 ridenti
1485 493 1774 559 Flaccus
1802 495 2020 559 amico

493 586 767 683 Tangit,
798 605 865 664 et
894 597 1226 662 admissus
1255 598 1503 662 circum
1532 596 1906 681 praecordia
1932 596 2124 675 ludit,

495 700 797 766 Callidus
826 719 1112 764 excusso
1142 699 1464 782 populum
1492 698 1892 782 suspendere
1921 717 2112 762 naso.

496 801 681 868 Men’
708 803 947 868 mutire
974 801 1184 878 nefas,
1215 820 1336 866 nec
1367 798 1562 879 clam,
1590 819 1710 863 nec
1736 819 1889 864 cum
1914 801 2146 865 scrobe
2161 801 2195 863 'i
2268 806 2289 835 ‘
2304 800 2703 887 Nusquam!

496 1003 628 1066 rupit
659 1003 845 1052 dantem
879 1002 1117 1051 intimum.
1186 1001 1424 1051 Horatius
1457 1002 1602 1050 solers
1640 1001 1840 1065 pariter
1876 1001 2031 1064 carpit
2064 1000 2313 1065 quemlibet
2336 1016 2542 1050 errorem
2563 1002 2704 1065 apud

487 1066 784 1131 familiarem
817 1068 1138 1123 deridenteu3
1171 1071 1217 1115 et
1239 1071 1458 1129 exceptus

1477 1066 1606 1115 circa
1625 1081 1724 1127 cor,
1745 1066 1953 1130 colludit,
1980 1067 2166 1129 peritus
2183 1066 2467 1115 absume
2483 1068 2708 1129 populun

495 1131 690 1181 nav-ibn
722 1130 971 1182 σκοπιαὶ..
1034 1130 1116 1181 Aa
1151 1130 1270 1179 ”sihi
1302 1144 1395 1180 non
1427 1130 1588 1180 licebit
1622 1130 1816 1195 hiscere,
1836 1146 1894 1180 ne
1917 1130 2102 1195 quidem
2121 1135 2316 1195 secreto,
2336 1130 2581 1194 nequidem
2603 1146 2708 1180 cm

1495 1317 1709 1370 NOTAE

498 1455 677 1507 binum
726 1456 1049 1522 Municipem
1100 1459 1279 1521 Ponti,
1331 1465 1565 1510 tutamen

501 1533 892 1597 Centurionum,
911 1534 1283 1585 Praeclarornrn
1308 1536 1569 1587 hominnm

504 1625 565 1659 ac
590 1610 895 1673 primorum,
916 1610 1333 1677 signiferumque
1355 1613 1570 1663 Maluis-

503 1685 545 1735 ti
568 1684 702 1735 dici:
756 1685 943 1736 Graece
975 1701 1099 1751 ergo
1121 1687 1326 1737 Praetor
1348 1688 1569 1739 Athenis

502 1759 569 1811 Id
608 1759 747 1825 quod
781 1761 1028 1824 maluisti,
1061 1770 1133 1824 te,
1156 1778 1274 1814 cnm
1294 1765 1361 1814 ad
1382 1779 1465 1813 me
1487 1780 1571 1814 ac-

504 1838 666 1902 cedis,
705 1839 891 1889 saluto.
956 1842 1120 1904 xui'ps,
1154 1841 1381 1906 inquam,
1418 1842 1569 1891 Tite:

507 1914 758 1978 Lictores,
770 1920 937 1963 turma
953 1915 1134 1978 omnis,
1146 1917 1447 1981 cohorsque,
1458 1915 1573 1966 Χαί-

504 2006 640 2054 pere:
687 1989 807 2039 hinc
840 1990 1001 2040 hostis
1040 1991 1110 2039 mi
1156 1990 1419 2055 Albutius,
1451 1993 1570 2043 hinc

504 2066 777 2117 inimicus!
842 2070 913 2117 Et
931 2069 1086 2133 paulo
1108 2075 1255 2132 post:
1290 2071 1306 2097 ‘
1324 2069 1574 2134 Tubulus,

508 2142 550 2191 si
575 2142 764 2192 Lucius
789 2142 1016 2209 inquam,
1040 2144 1094 2194 Si
1116 2144 1314 2208 Lupus,
1336 2153 1427 2195 aut
1450 2148 1573 2196 Car·

508 2217 576 2268 bo
603 2224 695 2267 aut
729 2219 962 2281 Neptuni
998 2219 1169 2269 filius!

578 2293 870 2357 Geminum]
934 2295 1160 2346 Genuini
1178 2302 1429 2346 vocantur
1450 2296 1575 2347 den-

510 2367 639 2417 tium
676 2371 940 2433 postremi,
976 2370 1235 2436 iidemque
1259 2371 1576 2421 validissimi.

509 2441 648 2495 Plin.
683 2459 746 2494 11.
779 2448 861 2495 8⁷.
907 2446 1111 2510 Festus,
1146 2448 1182 2498 l.
1221 2462 1318 2500 vn.
1350 2450 1463 2499 vult
1499 2448 1578 2500 ita

511 2518 700 2583 dictos,
724 2521 860 2586 quod
886 2538 918 2572 a
942 2523 1087 2588 genis
1109 2524 1458 2587 dependeant.

576 2596 773 2660 Fregit]
844 2598 1000 2647 Suam
1023 2615 1224 2650 omnem
1247 2601 1580 2651 dicacitatem

512 2675 794 2724 consumsit
815 2676 1091 2739 carpendis
1115 2691 1290 2725 eorum
1310 2676 1465 2728 vitiis.

581 2752 677 2797 116
711 2748 935 2811 Ridenti]
1005 2750 1125 2799 Non
1158 2750 1469 2816 indignanti,
1496 2751 1581 2800 vel

515 2823 671 2874 etiam
695 2824 914 2874 libenter
948 2825 1199 2885 audienti,
1233 2828 1355 2891 quia
1392 2828 1578 2877 callide

517 2906 574 2950 et
595 2899 782 2950 festive
802 2902 1074 2952 mordebat
1096 2903 1362 2956 Horatius.

582 2975 772 3037 Amico]
834 2978 932 3025 Vel
969 2980 1274 3044 cuicumque
1310 2995 1403 3029 suo
1434 2979 1582 3029 fami·

438 3094 445 3102 .
516 3051 650 3115 liari,
685 3053 766 3101 vel
798 3053 897 3116 ipsi
933 3055 1233 3120 Maecenati,
1262 3058 1345 3106 cui
1371 3072 1468 3107 nec
1490 3072 1583 3120 pe-

518 3127 747 3192 percisse
781 3128 965 3179 fertur.
1034 3130 1190 3180 Certe
1214 3132 1356 3181 illum
1381 3133 1585 3182 videtur

517 3204 882 3268 perstrinxisse
943 3207 1051 3256 Sat.
1109 3220 1148 3256 ι.
1213 3212 1263 3256 8.
1325 3207 1414 3257 ubi
1477 3208 1584 3257 ait:

488 3308 496 3316 ·
519 3280 536 3306 ⁸
557 3279 851 3342 Simplicior
872 3281 915 3329 si
942 3282 1073 3346 quis,
1105 3284 1310 3347 qualem
1342 3298 1422 3332 me
1444 3298 1586 3347 saepe

522 3366 752 3417 libenter
773 3366 1069 3417 Obtulerim
1091 3369 1205 3432 tibi,
1225 3371 1509 3431 Maecenas,
1530 3376 1590 3420 nt

520 3443 656 3493 forte
680 3445 936 3508 legentem
972 3443 1079 3494 Aut
1114 3447 1327 3494 tacitum
1358 3447 1592 3509 impellat

521 3520 703 3585 quovis
727 3536 980 3582 sermone,
1002 3523 1280 3581 molestum
1319 3523 1592 3571 Connnuni

521 3611 677 3647 sensu
724 3601 876 3662 plane
920 3608 1085 3661 caret,
1120 3601 1406 3666 inquimus3
1457 3600 1589 3649 elien

525 3674 694 3725 Quam
719 3680 911 3724 temere
936 3676 988 3724 in
1012 3685 1215 3726 nosmet
1238 3678 1405 3741 legem
1426 3677 1591 3726 sanci-

522 3762 639 3798 mus
678 3750 929 3815 iniquam!
987 3751 1120 3800 Nam
1145 3752 1282 3801 vitiis
1303 3766 1455 3801 nemo
1477 3752 1589 3801 sine

522 3824 785 3873 nascitur:
822 3827 1046 3889 optimus
1080 3827 1166 3875 ille
1201 3835 1281 3877 est
1320 3827 1423 3880 Qui
1445 3828 1590 3877 mini-

525 3898 624 3947 mis
648 3902 894 3962 urgetur.’
962 3902 1209 3952 Attamen
1231 3918 1347 3952 curn
1379 3905 1592 3953 Persius

526 3974 670 4024 dicat
702 3989 851 4024 omne
888 3979 1067 4027 vitium
1094 3980 1234 4042 tangi
1256 3979 1321 4028 ab
1347 3980 1590 4041 Horatio,

527 4057 582 4100 et
602 4051 757 4113 paulo
780 4061 916 4114 post,
958 4055 1202 4117 populum
1228 4069 1445 4104 excusso
1467 4070 1592 4105 naso

529 4127 803 4191 suspendi:
877 4130 1053 4178 malim
1103 4130 1439 4191 interpretari
1488 4131 1591 4180 sic:

529 4218 681 4255 omne
719 4205 1089 4271 cujuscumque
1127 4205 1310 4256 vitium
1345 4206 1596 4259 Horatia

1645 1459 1790 1510 vafer
1811 1461 1978 1525 tangit
2001 1466 2056 1510 et
2079 1459 2299 1511 solerter
2316 1457 2545 1520 coarguit
2567 1458 2712 1521 apud

1647 1537 1869 1587 amicum
1905 1536 2179 1597 ridentem,
2216 1550 2334 1585 cum
2372 1534 2563 1584 Satius
2592 1549 2714 1586 suns

1649 1620 1754 1663 tam
1779 1611 1983 1664 festivas
2006 1614 2055 1662 ei
2080 1613 2281 1662 recitat.

1715 1694 1807 1739 117
1855 1690 1926 1738 Ee
1955 1690 2190 1739 admissas
2219 1688 2400 1738 circus
2430 1688 2718 1752 precordia,

1648 1769 1755 1833 ξω]
1800 1766 1885 1816 Ab
1904 1767 2082 1817 amicis
2106 1766 2240 1816 bene
2261 1771 2517 1829 exceptus
2542 1767 2717 1829 pergis

1650 1858 1715 1893 eo
1748 1844 1993 1893 libentius
2028 1843 2257 1893 scribere
2286 1850 2343 1892 et
2365 1842 2591 1892 recitare
2619 1842 2716 1893 8·ae

1652 1921 1796 1971 tiras.
1864 1921 1967 1971 Hic
1985 1919 2213 1970 nonnulli
2230 1919 2523 1968 snbtiliores
2537 1932 2719 1969 sensns

1653 2000 1923 2059 rimantur,
1958 2003 2014 2047 et
2050 1997 2237 2047 Persio
2259 1995 2554 2046 attribuunt
2575 1994 2717 2059 quod

1652 2090 1909 2140 nunquam
1931 2074 2203 2138 cogitavit:
2239 2073 2476 2123 nimirum
2499 2072 2596 2135 illi,
2641 2073 2718 2122 le·

1654 2154 1800 2203 viora
1836 2153 2057 2217 primum
2092 2152 2220 2202 vitia
2253 2152 2425 2215 carpit
2457 2151 2720 2201 uoces»

1656 2230 1721 2280 tis
1749 2230 2015 2290 Horatius,
2033 2228 2292 2292 inquiunt,
2309 2235 2365 2277 et
2388 2242 2506 2279 cum
2525 2242 2585 2276 se
2605 2228 2721 2292 pla·-

1654 2304 1821 2355 cuisse
1857 2304 1925 2353 ob
1962 2304 2181 2357 solertes
2200 2302 2350 2365 jocos
2383 2309 2445 2351 et
2477 2300 2718 2353 festivam

1655 2382 1984 2433 dicacitatem
2020 2380 2403 2441 animadvertit,
2436 2387 2547 2429 turn
2582 2380 2724 2443 plns-

1653 2461 1827 2510 culum
1851 2458 2029 2519 audet,
2063 2465 2121 2507 et
2143 2456 2427 2508 occultiora
2451 2455 2728 2507 interius-t·

1655 2551 1759 2600 qne
1797 2535 2032 2586 facinora
2073 2549 2175 2584 non
2218 2539 2428 2584 veretur
2481 2547 2723 2598 “gnere-

1655 2613 1779 2664 floc
1802 2613 2006 2663 scilicet
2027 2619 2112 2663 est
2132 2610 2311 2662 ludere
2334 2612 2473 2662 circa
2495 2626 2724 2675 pracor-

1657 2688 1777 2738 dia?
1810 2689 2004 2737 Verum
2028 2702 2129 2737 nno
2151 2689 2263 2737 ictu
2278 2688 2484 2751 jugulat
2499 2686 2619 2735 illos
2641 2687 2727 2736 ln·

1659 2772 1921 2830 terpretes
1956 2764 2095 2830 quod
2127 2763 2304 2813 stati-
2340 2763 2471 2812 dicit
2491 2762 2726 2825 Persius,

1653 2857 1810 2892 omne
1827 2842 2011 2891 vitium
2029 2839 2355 2905 reprehendi.
2424 2837 2548 2886 Non
2564 2837 2727 2901 igitur

1658 2919 1859 2970 minora
1875 2918 2058 2982 primo,
2074 2915 2263 2966 deinde
2286 2915 2543 2979 graviora.

1724 2995 1895 3057 Ludit]
1950 2992 2157 3044 Nemini
2179 2990 2368 3055 parcit,
2401 2989 2604 3039 vitiosis
2637 3001 2729 3039 sna

1663 3070 1890 3120 ostendit
1906 3071 2026 3118 vitia
2043 3075 2099 3118 et
2121 3067 2300 3131 culpat
2312 3067 2417 3127 iiie,
2434 3080 2533 3114 nec
2549 3072 2727 3114 tamen

1665 3147 1924 3211 crispando
1946 3144 2182 3207 offendit,
2218 3145 2352 3194 adeo
2384 3143 2535 3193 vafer
2566 3150 2649 3193 est
2668 3147 2728 3194 et

1667 3223 1908 3283 callidus,
1918 3228 1978 3272 nt
1993 3221 2220 3271 ludendo
2223 3220 2554 3285 jocandoque
2572 3220 2731 3269 animi

1667 3300 1883 3347 vulnera
1905 3303 2107 3362 premat
2124 3304 2181 3346 et
2201 3304 2367 3347 curet.
2587 3341 2590 3342 γ

1736 3378 1830 3423 118
1871 3375 2078 3423 Excusso
2097 3373 2338 3436 populans,
2371 3373 2479 3437 qt]
2553 3370 2734 3436 Expli-

1667 3462 1792 3500 cant
1829 3449 2058 3515 qnidam,
2092 3454 2339 3512 porrecto
2373 3454 2429 3495 et
2467 3448 2638 3509 hilari,
2667 3453 2732 3497 ut

1667 3527 1837 3577 minus
1879 3527 2095 3576 acerbus
2135 3524 2375 3575 videatur
2412 3525 2571 3573 etiam
2610 3538 2730 3575 cun

1672 3603 1901 3662 mordet3
1949 3602 2038 3650 sed
2060 3601 2232 3649 malim
2265 3600 2550 3663 simplicius
2574 3601 2734 3650 inter-

1665 3679 1896 3742 pretari3
1935 3692 2201 3739 succusso,
2232 3677 2372 3741 quod
2403 3684 2602 3736 etvox,
2625 3692 2734 3727 sns-

1669 3754 1915 3817 pendere,
1937 3755 2180 3816 postulat.
2247 3754 2406 3802 Certe
2441 3767 2561 3801 cum
2600 3753 2733 3801 ride·

1669 3843 1782 3878 mus
1822 3830 2063 3893 aliquem,
2099 3836 2263 3891 caput
2300 3828 2622 3876 excutimus:
2675 3833 2735 3877 et

1670 3920 1786 3954 cum
1817 3905 1971 3954 alicui
1993 3905 2293 3954 insultamus
2315 3903 2525 3964 acriter,
2557 3917 2736 3967 πτειν

1671 3989 1781 4031 tum
1809 3982 1968 4031 etiam
2001 3996 2186 4030 nasum
2223 3982 2550 4031 succutimus.
2620 3980 2735 4030 Exit

1672 4057 1832 4120 igitur
1869 4056 2036 4107 facilis
2075 4064 2132 4105 et
2161 4071 2325 4119 prona
2347 4057 2731 4119 interpretatio,

1673 4133 1783 4183 sive
1808 4131 2003 4183 referas
2035 4132 2101 4182 ad
2123 4146 2239 4182 enm
2259 4132 2351 4196 qni
2365 4132 2595 4196 desidet,
2625 4133 2733 4183 ἀπ

1676 4208 1743 4257 ad
1760 4223 1877 4258 eum
1901 4208 1989 4274 qni
2011 4207 2299 4259 deridetur.
