3050 4913
1210 383 1488 432 SA'HRA
1536 383 1650 433 111.

418 533 560 597 Hic
592 530 836 616 aliquis
867 531 949 595 de
975 534 1165 613 gente
1192 530 1456 594 hircosa
1485 527 1943 619 centurionum

326 637 557 715 Dicat,
590 636 789 716 Quod
822 636 985 699 satis
1015 640 1137 711 est,
1170 634 1360 717 sapio
1385 632 1575 696 mihi:
1620 651 1750 696 non
1776 651 1900 715 ego
1930 650 2093 694 curo

323 737 519 815 Esse,
552 739 726 822 quod
758 737 1099 801 Arcesilas
1127 737 1615 817 aerumnosique
1643 735 1940 812 SoloneS,

324 839 613 923 Obstipo
644 840 890 922 capite,
921 844 989 903 et
1015 837 1282 920 figentes
1311 836 1554 900 lumine
1580 842 1844 915 terram,

2441 833 2527 899 80

326 941 673 1006 Murmura
700 962 851 1006 cum
880 960 1105 1004 secum
1134 944 1202 1004 et
1228 939 1493 1003 rabiosa
1519 941 1777 1004 silentia
1804 937 2067 1016 rodunt,

315 1077 455 1138 prior
475 1091 624 1124 moeno
657 1091 748 1123 non
769 1076 920 1124 adhuc
942 1081 1185 1125 consumto
1205 1076 1268 1125 sit
1290 1075 1340 1123 in
1362 1090 1486 1124 uase.
1558 1075 1671 1124 mic
1708 1074 1899 1138 quidum
1931 1076 1990 1123 de
2024 1074 2174 1137 stirpe
2195 1073 2378 1122 hirsuta
2404 1074 2527 1123 Cen-

317 1140 555 1189 umam
577 1155 709 1203 respo
712 1137 892 1189 uidebit:
927 1140 997 1189 Su

1083 1144 1116 1189 t
1138 1141 1253 1190 mihi
1275 1156 1375 1189 meu
1396 1141 1665 1204 sapienia,-
1697 1156 1783 1188 προ
1814 1155 1874 1202 ες
1874 1155 1899 1186 o
1921 1139 2076 1188 laboro
2112 1153 2209 1188 esse
2243 1138 2379 1187 idem
2408 1139 2528 1201 quod

320 1202 537 1254 fuerunt
572 1206 826 1265 Arcesilas,
847 1211 894 1253 et
932 1205 996 1254 So
1044 1221 1124 1255 nes
1159 1206 1418 1255 colontitosi
1447 1206 1624 1254 cervice
1644 1205 1853 1266 incurvo,
1835 1155 1921 1252 gd
1958 1204 2179 1253 habentes
2215 1203 2366 1251 oculos
2396 1203 2529 1252 Ιιιιιιιί

318 1269 717 1335 *firmamo

1251 1384 1428 1403 ‘‘‘‘‘

538 1272 864 1334 qnondoopod
884 1286 936 1319 se
959 1272 1088 1319 intra
1107 1272 1271 1321 dentes
1289 1275 1478 1320 versant
1503 1285 1716 1319 smrros
1747 1276 1792 1319 et
1832 1270 2204 1318 taciturnitatem
2225 1269 2457 1330 rabidam,
2480 1272 2529 1317 et

1432 1384 1604 1403 “““

1096 1469 1161 1513 8⁰
1200 1464 1377 1514 lamina
1395 1470 1540 1515 terrae
1561 1465 1663 1515 Ms.
1689 1467 1752 1516 R.

1317 1581 1530 1632 NOTAE

316 1669 498 1733 priora
520 1668 831 1719 defecerint.

388 1744 538 1807 Orco]
601 1747 708 1794 Vas
741 1752 962 1809 angusto
1001 1747 1156 1810 collo,
1189 1748 1241 1796 in
1279 1763 1380 1811 qno

318 1821 497 1883 reponi
525 1827 743 1871 mustum
778 1823 996 1874 solebat.
1062 1825 1290 1873 sumitur
1324 1833 1380 1874 et

319 1910 419 1959 pro
458 1897 689 1960 quolibet
728 1899 831 1948 alio
872 1916 1008 1959 vase,
1042 1916 1105 1950 eo
1139 1902 1380 1964 maxime,

316 1974 372 2023 in
397 1990 500 2038 quo
523 1975 828 2025 salsamenta
852 1985 906 2027 et
928 1980 1096 2041 pisces
1119 1980 1253 2028 saliti
1279 1993 1381 2027 ser·

314 2049 589 2100 vahantur.
655 2053 858 2102 Graecis
903 2054 1042 2118 ὕρχη.
1110 2056 1383 2121 Quaprop-

316 2134 402 2177 ter
445 2136 500 2176 et
541 2128 723 2178 Latine
758 2130 1024 2195 scriptum,
1051 2132 1189 2193 olim,
1223 2132 1382 2196 orcha,

318 2204 553 2253 nonnulli
571 2202 847 2255 affirmant.

382 2285 446 2329 77
504 2282 607 2330 Hic
659 2283 850 2346 uliquis,
903 2282 1012 2346 ξω]
1100 2285 1384 2348 Prolepsis‚

319 2372 423 2422 qua
442 2357 650 2406 Persius
667 2359 913 2421 exprimit
936 2360 1144 2423 egregie
1169 2376 1381 2423 pravam

319 2434 633 2497 opinionem,
678 2442 731 2483 et
774 2434 1073 2499 frequentes
1120 2452 1379 2487 sermones

320 2511 667 2561 Romanorum
727 2514 1040 2577 quorundam
1086 2516 1259 2564 studia
1301 2531 1379 2564 sa-

314 2588 530 2651 pientiae
577 2590 980 2653 aspernantium,
1018 2606 1145 2655 quos
1189 2592 1376 2642 deiude

316 2663 532 2715 resultat.

383 2740 615 2804 Hircoso]
682 2743 887 2805 Legunt
917 2743 1022 2805 alii,
1041 2743 1240 2805 hir-tosa,
1264 2758 1379 2807 pro,

313 2816 471 2878 hirta,
498 2820 577 2866 vel
602 2818 820 2879 hirsuta,
845 2811 901 2868 ut
938 2820 1012 2868 sic
1048 2820 1382 2884 designentur

314 2893 519 2943 robusti
555 2895 652 2943 viri
694 2902 807 2944 toto
844 2910 1064 2960 corpore
1105 2897 1285 2946 hirsuti
1326 2904 1382 2946 et

314 2972 484 3036 pilosi.
575 2970 650 3024 At
703 2972 1030 3022 nihilominus
1087 2974 1381 3023 indicantur

312 3062 408 3111 per
431 3062 634 3109 vorem,
664 3048 873 3107 hircum,-
913 3050 1105 3114 quippe
1130 3051 1219 3114 qui
1256 3052 1383 3099 mul-

314 3130 423 3173 tum
461 3124 718 3186 laborant,
760 3133 813 3174 et
859 3141 974 3174 raro
1016 3133 1185 3175 vestes
1223 3127 1380 3190 depo-

312 3209 462 3263 nunt,
481 3203 517 3251 ii
542 3204 685 3251 velut
707 3203 874 3251 hircus
898 3204 1059 3265 olent,
1092 3204 1379 3265 praesertim

315 3278 414 3327 sub
461 3279 575 3339 alis,
622 3280 746 3328 item
799 3279 996 3328 barbati
1049 3286 1202 3332 sunt:
1259 3294 1377 3344 quie

313 3355 487 3404 omnia
542 3355 775 3404 militiam
835 3355 1196 3419 profitentibus
1238 3371 1377 3419 saepe

310 3431 639 3493 contingunt.
708 3432 794 3481 Ita
832 3433 1092 3495 graviores
1113 3434 1376 3497 Interpre-

309 3514 390 3557 tes
413 3509 592 3571 legunt
613 3516 668 3558 et
696 3509 977 3572 explicant.

377 3588 442 3633 78
478 3585 617 3639 Quod
636 3588 753 3634 sotis
782 3592 874 3646 est,
895 3586 1046 3649 sopio,
1068 3586 1174 3649 ξω]
1239 3585 1373 3635 Amo

1460 1670 1637 1734 fuisse,
1658 1680 1713 1722 et
1748 1672 2082 1721 Academiam
2120 1670 2410 1720 celebrasse
2448 1669 2526 1719 di-

1460 1749 1612 1810 citur,
1631 1756 1685 1797 et
1724 1754 1906 1798 contra
1939 1748 2223 1808 Zenonem,
2260 1747 2325 1796 de
2363 1747 2523 1795 omni-

1462 1825 1558 1875 bus
1604 1825 1945 1875 dubitandum
1997 1824 2293 1874 affirmasse.
2381 1825 2522 1874 Hine

1460 1904 1690 1952 nonnulli
1711 1903 1995 1952 Arcesilam
2020 1902 2102 1951 hic
2144 1918 2251 1964 prae
2289 1901 2401 1950 aliis
2433 1916 2523 1949 u-o-

1461 1979 1666 2043 minari,
1718 1988 1771 2028 et
1826 1980 1987 2028 tacite
2038 1978 2263 2027 vellicari
2306 1978 2448 2027 aiunt
2492 1993 2525 2026 a

1462 2056 1663 2117 Persio,
1686 2056 1772 2121 qui
1795 2055 1986 2106 Stoicae
2011 2063 2125 2105 erat
2161 2061 2318 2104 sectae
2350 2055 2527 2104 addic-

1463 2140 1564 2183 tus.
1598 2133 1734 2182 Tull.
1760 2133 1811 2181 in
1835 2134 2034 2185 Quaest.
2059 2131 2225 2182 Acad.
2258 2133 2273 2159 ⁸
2293 2132 2524 2182 Philoso-

1465 2210 1599 2273 phiae
1654 2224 1861 2259 eversor
1886 2209 1920 2258 :'
1983 2210 2277 2272 Lactantio,
2331 2222 2416 2257 ιιι.
2474 2215 2524 2260 6.

1463 2289 1478 2314 ‘
1499 2286 1814 2350 Ignorantiae
1855 2286 2097 2349 magister
2134 2284 2407 2335 Arcesilas'
2439 2300 2526 2335 vo·

1463 2369 1636 2424 catum
1672 2378 1793 2411 sane
1835 2362 1954 2427 quia
1996 2363 2118 2411 nihil
2157 2362 2361 2412 omnino
2401 2360 2523 2411 sciri

1463 2437 1769 2491 affirmabat.

1522 2517 1881 2581 AErumnosique
1934 2517 2148 2575 Solones]
2246 2515 2523 2578 Sapientes

1456 2600 1612 2642 vocat
1658 2608 1989 2655 aerumnosos,
2028 2594 2148 2656 quia
2184 2592 2385 2641 nonnisi
2427 2606 2522 2655 per

1461 2669 1649 2718 multos
1688 2669 1891 2718 labores
1934 2669 2217 2733 acquiritur
2251 2668 2523 2732 sapientia.

1462 2744 1630 2794 Porro
1652 2745 1807 2794 Solon
1830 2760 1959 2794 unus
1981 2751 2093 2793 erat
2107 2760 2135 2793 e
2155 2750 2351 2807 septem
2376 2743 2523 2793 Grae-

1462 2823 1556 2871 cioe¹
1578 2822 1916 2886 sapientibus,
1955 2829 2012 2872 et
2041 2821 2430 2871 Atheniensium
2455 2821 2525 2870 le·

1462 2898 1701 2959 gislator:
1758 2897 1825 2946 de
1879 2913 1979 2962 quo
2035 2897 2149 2948 fuse
2195 2898 2522 2961 Plutarchus,

1463 2973 1722 3036 Laiirtius,
1745 2982 1800 3024 et
1820 2974 1926 3023 alii.

1527 3055 1591 3099 80
1628 3050 1823 3114 Obstipo
1845 3051 2016 3115 cupite,
2047 3058 2094 3100 et
2119 3051 2331 3117 figentes
2352 3051 2524 3101 lumine

1461 3127 1662 3189 terram]
1731 3128 1862 3176 Haec
1885 3128 2029 3191 signa
2053 3134 2173 3177 sunt
2194 3127 2411 3176 hominis
2435 3140 2522 3176 co·

1462 3203 1750 3267 gitahundi,
1788 3210 1843 3253 et
1884 3202 2141 3267 profunda
2173 3204 2393 3269 quadam
2419 3218 2524 3253 mo-

1461 3279 1712 3330 ditatione
1737 3279 1912 3328 defixi.

1531 3356 1756 3418 Figentes
1777 3356 1950 3404 lumine
1973 3355 2174 3420 terram]
2208 3356 2523 3421 Hypallage‚

1460 3447 1577 3496 pro,
1599 3431 1883 3495 defigentes
1919 3439 2071 3481 terrae
2096 3433 2301 3482 lumina.
2369 3432 2520 3483 Quod

1458 3506 1632 3557 facere
1672 3523 1703 3557 a
1742 3507 2048 3571 Paedagogis
2082 3506 2425 3570 jubebantur,
2463 3515 2521 3556 nt

1452 3585 1722 3634 modestia·
1741 3585 1888 3632 simul
1907 3592 1960 3632 et
1979 3583 2307 3632 meditationi
2324 3597 2522 3634 assues-

311 3657 657 3710 Romanornm
680 3662 884 3711 vivendi
904 3676 1115 3724 morem,
1133 3663 1369 3728 huncque
1448 3670 1633 3713 cerent
1658 3662 1875 3711 studiosi
1890 3661 2133 3725 juvenes».

308 3737 597 3800 peregrinae
621 3737 886 3800 sapientiae
906 3736 1142 3800 praefero.

1515 3743 1573 3788 81
1605 3737 1812 3786 Rabioso
1832 3737 2020 3786 silentio
2039 3736 2232 3800 rodunt]
2266 3737 2510 3791 Fortasse

377 3812 489 3861 Non
511 3829 597 3875 ego
617 3829 727 3862 curo
744 3812 866 3876 esse]
950 3814 1121 3864 Nolim
1141 3829 1238 3879 ego
1261 3820 1369 3865 tan·
1446 3817 1572 3882 quia
1619 3815 1783 3864 rabidi
1827 3829 1982 3864 canes
2022 3830 2122 3862 non
2165 3817 2389 3866 latrant:
2427 3821 2510 3869 vel

308 3896 417 3937 tum
445 3904 648 3952 sapere,
679 3897 734 3939 et
756 3905 837 3939 ine
861 3890 1080 3954 fatigare
1119 3891 1170 3940 in
1202 3892 1369 3941 iuves·

308 3966 526 4030 tiganda
566 3969 836 4032 sapientis,
882 3975 938 4018 ut
978 3970 1179 4018 Greci:
1216 3970 1371 4020 nolim

308 4041 644 4093 Academiam
668 4046 975 4107 instaurare,
997 4052 1056 4095 ut
1077 4046 1366 4108 Arcesilas;

1454 3891 1627 3956 potius
1665 3891 1801 3956 quia,
1845 3897 1905 3940 ut
1952 3889 2110 3939 habet
2150 3892 2527 3960 Quintilianus,

1452 3980 1513 4018 x.
1539 3971 1588 4018 3.
1622 3967 1697 4015 illi
1731 3968 1817 4032 qui
1842 3972 2044 4016 attente
2080 3966 2342 4030 quidpiam
2386 3971 2525 4035 cogi-

1452 4051 1587 4105 tant,
1626 4058 1766 4107 saepe
1812 4043 1967 4092 etiam
2011 4057 2185 4092 secum
2225 4044 2522 4095 obmurmua

307 4133 405 4169 nec
429 4120 690 4170 civitatem
717 4121 915 4186 legibus
938 4124 1136 4172 munire
1173 4130 1229 4173 et
1251 4137 1369 4173 con·
1450 4121 1613 4170 raudo
1656 4120 2025 4187 cogitationem
2068 4120 2284 4183 agitant.
2358 4119 2510 4171 Unde

310 4195 552 4258 stituere,
574 4204 631 4248 ut
653 4197 827 4247 Solon.

368 4277 437 4327 79
475 4277 732 4343 Arcesilas]
800 4278 1066 4329 Crantoris
1091 4278 1374 4343 discipulus

1453 4198 1494 4246 si
1520 4197 1634 4261 quis
1658 4196 1723 4245 de
1764 4195 1915 4260 plebe
1938 4210 2028 4246 eos
2055 4203 2165 4246 tum
2202 4199 2498 4263 contemple

1453 4281 1558 4338 tur,
1579 4271 1795 4323 furiosos
1819 4273 1979 4328 veluti
2007 4272 2289 4323 existimet.
