3050 4913
1177 366 1268 414 ET
1316 366 1761 417 vnenouufl.

423 499 582 549 Meus
607 497 735 549 facti
757 497 858 547 diri
880 497 1088 548 conscia
1108 512 1235 563 qnos
1269 498 1427 548 habet

346 564 612 614 attonitos
637 564 746 623 xiii,
770 566 863 611 194
919 560 1107 624 frigida
1129 563 1426 613 criminibus

346 630 390 690 i,
429 633 529 678 166
593 643 719 677 sana
761 629 831 678 sit
873 627 924 676 in
961 642 1176 691 corpore
1212 643 1338 676 sano
1373 644 1428 688 x,

347 698 453 745 356
522 701 605 742 est
641 694 821 741 eadem
866 707 917 751 v,
957 696 982 741 1
1051 692 1271 742 numinis
1307 708 1426 758 quae

350 767 440 808 est
460 758 573 816 xiii,
592 762 688 806 203
755 757 943 806 mentis
967 773 1161 822 magnae
1184 772 1315 821 opus
1340 758 1428 818 vii,

345 828 422 872 oe
487 824 725 871 bumanae
746 823 927 871 vitium
970 822 1074 884 xiv,
1118 827 1208 871 175
1276 822 1426 872 malae

348 902 512 936 causa
535 894 588 935 et
612 890 759 950 origo
782 901 941 950 penes
959 893 1013 936 te
1029 887 1137 947 xiv,
1153 890 1252 936 226
1287 902 1427 936 men·

347 961 463 1002 tem
485 951 623 1015 quod
657 953 936 1015 praecipuis
968 951 1241 1001 sudoribus
1274 958 1429 1016 urget

348 1017 465 1079 xiii,
487 1021 587 1066 220
655 1031 771 1065 curn
798 1031 900 1079 qua
934 1017 1002 1066 Di
1039 1023 1190 1065 nocte
1217 1016 1429 1093 loquan-

351 1089 440 1130 tnr
467 1082 537 1140 vi,
557 1085 652 1129 531
722 1082 890 1130 mariti
914 1095 1103 1130 vexare
1129 1080 1333 1144 philtris
1358 1081 1429 1144 vi,

345 1150 445 1196 611
522 1147 572 1193 in
597 1160 812 1210 quorum
836 1156 1011 1195 mente
1035 1161 1185 1208 pares
1209 1154 1330 1195 snut
1353 1146 1431 1196 ira

352 1220 411 1260 et
435 1209 607 1259 fames
631 1226 718 1270 xv,
759 1215 852 1259 130
918 1218 1118 1259 mentes
1151 1210 1316 1274 agitat
1354 1209 1430 1259 fu-

351 1289 444 1324 ror
467 1275 577 1334 xiv,
613 1278 709 1323 284
774 1275 1034 1324 mentibus
1072 1275 1172 1324 illis
1204 1282 1428 1341 quantus

351 1340 513 1389 ardor
535 1347 659 1388 tuuc
680 1340 984 1388 concubitus
1009 1339 1077 1397 vi,
1100 1343 1195 1390 317

419 1405 615 1453 Mensa
667 1404 899 1466 exsurgit
942 1404 1159 1468 geminis
1204 1403 1427 1454 lucernis

350 1469 426 1528 vi,
467 1472 564 1517 305
634 1483 734 1516 una
757 1468 1033 1519 comedunt
1056 1469 1362 1532 patrimonia
1391 1469 1428 1529 i,

353 1538 454 1581 138
520 1547 619 1581 nec
646 1535 891 1581 runotior
915 1535 1002 1582 ulli
1042 1533 1147 1596 viii,
1188 1536 1283 1584 178
1347 1548 1424 1583 se-

352 1598 533 1646 cunda
557 1597 705 1647 Rom.
730 1613 779 1658 v,
801 1602 897 1647 146
920 1614 995 1662 sq.
1014 1599 1178 1647 omnis
1197 1598 1424 1648 abstinet

352 1662 664 1712 animalibus
703 1675 791 1721 xv,
830 1667 892 1712 12
957 1678 1144 1712 mensae
1168 1663 1426 1713 uullicre-

353 1727 469 1776 dite
494 1728 565 1786 vi,
585 1730 682 1775 630
737 1734 971 1790 tempore
996 1728 1105 1788 xiii,
1140 1732 1236 1777 211
1294 1742 1425 1777 raroe

351 1793 472 1841 sine
490 1792 736 1840 Mentore
761 1792 870 1851 viii,
894 1796 985 1840 104
1055 1807 1145 1856 pes
1169 1792 1426 1843 eburneus

351 1858 430 1916 xi,
482 1860 576 1906 123
641 1870 867 1904 mensam
911 1857 1170 1906 Sabellam
1213 1858 1285 1920 iii,
1332 1862 1428 1907 169

350 1922 419 1970 ad
444 1934 672 1969 mensam
696 1922 899 1985 quotie-s
940 1923 1192 1985 parasitus
1226 1922 1429 1972 venerit

349 1985 528 2035 infans
553 2001 603 2047 v,
625 1990 717 2034 145
759 2000 960 2034 mensas
985 1987 1202 2035 Caesaris
1224 1986 1426 2051 iniquas

353 2066 407 2114 v,
430 2055 463 2099 4
497 2064 565 2098 ex
588 2051 772 2099 arbore
796 2059 971 2099 nostra
997 2051 1065 2112 xi,
1092 2055 1184 2100 117
1235 2051 1428 2102 citreas

357 2115 396 2177 i,
418 2119 503 2177 75,
527 2119 621 2163 137
688 2115 876 2163 mensis
909 2117 1089 2179 positis
1127 2115 1191 2165 ad
1234 2116 1430 2179 templa

355 2195 418 2229 ac
443 2181 677 2242 compita
699 2194 787 2240 xv,
808 2184 874 2228 42
919 2181 1005 2245 qui
1028 2181 1152 2229 satis
1174 2189 1255 2230 est
1281 2181 1427 2244 panis

354 2245 468 2305 xiv,
508 2249 604 2293 182
670 2245 857 2293 Mensa
901 2245 1064 2308 prima
1103 2254 1159 2295 et
1201 2245 1431 2294 secunda

352 2316 594 2358 veterum
619 2309 796 2371 plures
819 2317 1043 2360 receutt.
1067 2311 1210 2359 Rom.
1237 2310 1303 2359 ad
1327 2311 1428 2359 sin-

347 2374 505 2439 gulos
522 2374 707 2422 missus
795 2374 1125 2437 positae‚olim
1147 2375 1430 2439 quadratoe,

456 2445 545 2489 tea
586 2446 738 2488 rotun
780 2454 823 2489 ω
865 2439 900 2504 i,
941 2443 1032 2490 137
1114 2440 1237 2490 olim
1281 2441 1428 2491 sacra

385 2504 463 2553 uit
489 2504 547 2566 ii,
570 2508 665 2552 110
1367 2552 1374 2559 .

429 2569 628 2618 Mensis
710 2569 759 2617 ni
810 2569 1026 2629 damnis,
1081 2575 1137 2620 et
1192 2576 1429 2634 tempora

357 2649 475 2697 quae
503 2635 648 2682 lucro
670 2584 860 2683 aentnr
883 2634 949 2693 vi,
970 2639 1064 2684 571
1137 2636 1330 2685 brumoe
1356 2635 1426 2697 vi,

359 2702 455 2748 153
523 2713 724 2747 menses
750 2708 866 2763 post
889 2698 1016 2748 duos
1041 2716 1091 2759 v,
1115 2703 1177 2748 16

427 2763 670 2812 Mensura
696 2764 888 2828 patinae
913 2764 1093 2814 deerat
1115 2764 1241 2826 pisci
1264 2763 1334 2826 iv,
1362 2767 1428 2813 72

358 2842 542 2877 census
563 2843 679 2892 quae
703 2827 924 2877 sufficiat
947 2830 1052 2891 xiv,
1091 2832 1189 2877 316
1251 2829 1428 2892 incog-

359 2892 473 2942 nita
494 2893 640 2941 nervi
663 2894 735 2952 ix,
756 2896 819 2941 34
885 2893 1106 2957 inguinis
1129 2893 1164 2952 i,
1194 2897 1254 2943 41
1325 2908 1430 2941 uua·

357 2956 526 3006 lorum
558 2972 656 3020 par
695 2956 848 3007 rebus
882 2958 1014 3006 laetis
1049 2974 1099 3019 x,
1138 2961 1202 3007 98
1270 2972 1429 3023 parva

360 3022 532 3086 partis
566 3022 673 3085 xlv,
709 3026 774 3072 93
840 3022 917 3071 sui
961 3023 1218 3072 noscenda
1254 3023 1325 3085 xi,
1365 3026 1426 3072 35

363 3085 429 3134 de
453 3100 690 3135 mensura
714 3088 802 3150 jus
824 3086 998 3136 dicere
1027 3102 1075 3148 x,
1100 3092 1190 3136 101

427 3151 632 3200 Mentio
671 3151 977 3201 Graecorum
1014 3152 1173 3215 coepit
1217 3151 1290 3214 iii,
1332 3156 1428 3202 214

361 3215 663 3264 damnorum
690 3230 789 3265 non
813 3216 905 3266 fiet
929 3216 997 3279 vi,
1016 3220 1114 3267 508
1178 3231 1282 3267 nou
1324 3218 1431 3267 ulla

361 3279 574 3329 foeuoris
598 3282 669 3339 xi,
690 3284 781 3330 183

426 3346 645 3395 Mentiri
679 3345 854 3395 nescio
884 3343 956 3405 iii,
990 3348 1051 3395 41
1119 3345 1341 3395 mentita
1364 3345 1429 3395 ti-

361 3410 524 3460 tulum
551 3411 783 3474 Lyciscae
808 3411 876 3471 vi,
901 3413 993 3459 123

432 3476 674 3524 Mentore
696 3476 806 3524 siue
831 3489 961 3523 rarae
985 3489 1176 3524 menam
1200 3474 1310 3536 viii,
1334 3479 1427 3524 104

425 3539 578 3588 Mera
616 3539 869 3603 Cecropis
910 3538 974 3587 de
1013 3539 1336 3588 Sulmonensi
1361 3541 1428 3602 vi,

365 3606 456 3653 187
531 3619 677 3653 mero
722 3604 856 3669 pede
903 3604 991 3652 ubi
1033 3602 1170 3654 festa
1211 3605 1429 3654 sabbata

362 3670 642 3718 observant
664 3684 720 3718 re
757 3684 812 3719 es
835 3670 905 3731 vi,
933 3673 1026 3718 159

425 3733 693 3783 Mercator

361 3810 422 3846 ac
446 3798 559 3847 vilis
581 3800 722 3848 sacci
746 3797 930 3849 olentis
951 3798 1058 3861 xiv,
1079 3801 1178 3849 269
1245 3798 1427 3848 veneni

365 3862 473 3923 xiii,
494 3867 588 3911 154

427 3927 635 3977 Merces
660 3942 794 3989 rara,
834 3942 948 3992 qna·
984 3927 1281 3990 cognitione
1313 3927 1428 3976 Tri·

359 3987 484 4039 buni
519 4006 622 4041 non
663 3999 818 4055 egeat
858 3992 946 4053 vii,
982 3996 1079 4041 228
1145 3992 1430 4042 lautissima

363 4053 472 4104 bec
495 4057 585 4116 vii,
610 4062 702 4106 175
769 4058 1029 4119 sanguinis
1061 4064 1216 4121 atque
1239 4056 1430 4106 laboris

363 4119 466 4181 xiv,
508 4124 603 4170 164
669 4122 959 4170 mercedem
987 4123 1175 4185 populo
1199 4120 1429 4185 pendere

356 4182 500 4245 jussa
521 4193 603 4235 est
626 4186 793 4235 omnis
816 4187 970 4235 arbor
990 4186 1064 4248 iii,
1088 4188 1146 4235 15
1216 4185 1429 4235 solidum

365 4246 653 4300 officiorum
674 4251 818 4316 capis
842 4266 889 4317 v,
911 4255 972 4303 13
1026 4265 1218 4316 ponere
1241 4250 1430 4316 lingna

759 3748 882 3783 ason
919 3734 989 3793 vi,
1031 3737 1124 3783 153
1193 3732 1449 3797 perditus·

2297 345 2569 414 lxxxvii

1505 497 1595 559 vii,
1630 503 1727 548 149
1792 497 1988 547 solvere
2028 494 2120 559 vii,
2164 500 2257 546 157
2323 496 2567 548 mercede

1497 563 1590 613 illa
1610 569 1761 627 parat
1784 562 1976 612 victum
2000 561 2107 624 xiv,
2127 565 2224 610 273
2266 569 2424 625 pacta
2443 577 2568 612 wen-

1503 627 1628 677 dere
1651 628 1831 677 siluros
1854 628 1921 691 iv,
1942 630 2004 675 33
2071 626 2333 676 mercedes
2357 641 2568 691 poscere

1501 693 1613 751 viii.
1633 697 1731 742 246

1569 756 1822 807 Mercaris
1859 763 1914 806 et
1949 755 2078 805 hanc
2118 761 2173 806 et
2211 757 2425 807 arbusta
2462 756 2569 821 xiv,

1570 887 1789 936 Meteris
1811 885 1991 935 haberi
2012 893 2219 935 sanctus
2239 887 2305 944 vi,
2327 890 2389 936 25
2454 900 2566 935 me·

1502 961 1683 1000 rentur
1705 957 2018 1001 testamenta
2038 950 2278 1000 noctibus
2300 952 2334 1010 i,
2359 954 2421 999 37
2463 965 2568 1010 me-

1502 1017 1606 1065 ruit
1644 1032 1750 1081 quo
1790 1016 2004 1065 crimine
2046 1030 2224 1065 servus
2257 1016 2570 1079 supplicium

1504 1080 1576 1144 vi,
1596 1085 1694 1130 219
1759 1081 2083 1146 praecipuum
2105 1080 2346 1130 honorem
2370 1080 2440 1141 vi,
2467 1084 2568 1130 532

1544 1153 1749 1194 uantum
1791 1145 1936 1194 labor
1971 1144 2058 1207 vii,
2096 1149 2195 1194 216
2260 1145 2491 1194 trabeam
2512 1152 2570 1195 et

1544 1210 1555 1222 '
1591 1210 1742 1260 derna
1786 1209 1991 1262 Quirini
2028 1217 2085 1258 et
2122 1208 2292 1260 fasces
2329 1209 2435 1272 viii,
2469 1214 2569 1259 260

1502 1276 1751 1324 meruisse
1796 1276 1969 1338 apium
2008 1274 2182 1323 Graiae
2221 1288 2427 1324 corouae
2463 1275 2572 1337 viii,

1501 1344 1601 1389 226
1665 1347 1950 1390 merentem
1974 1353 2080 1388 πη
2099 1339 2207 1400 xvi,
2230 1345 2292 1388 55

1567 1405 1823 1454 Meretrix
1848 1405 2083 1462 Augusta
2119 1418 2321 1453 sumere
2362 1409 2569 1458 noctur?

1501 1482 1595 1518 uos
1629 1469 2024 1518 cucullos—Sed
2062 1469 2262 1533 nigrum
2299 1465 2434 1517 flavo
2469 1469 2566 1517 cri-

1501 1547 1619 1582 nem
1643 1533 1995 1583 abscondente
2018 1534 2196 1597 galero
2227 1533 2453 1582 Intravit
2485 1546 2567 1581 ca·

1501 1597 1661 1646 lidum
1686 1599 1850 1647 veteri
1875 1606 2091 1647 centone
2113 1600 2350 1661 lupanar,
2374 1598 2444 1646 Et
2462 1598 2571 1647 cel-

1502 1662 1606 1711 lam
1629 1677 1841 1712 vacuam
1865 1669 2021 1726 atque
2047 1677 2191 1711 suam
2214 1679 2231 1721 ς
2266 1669 2390 1712 tunc
2430 1661 2572 1712 unda

1501 1727 1713 1791 papillis
1770 1727 2014 1777 Prostitit
2077 1727 2287 1798 auratis,
2361 1726 2572 1776 titulum

1503 1792 1725 1841 mentita
1747 1792 1979 1854 Lyciscae
2005 1798 2111 1841 cet.
2138 1791 2204 1853 vi,
2227 1795 2321 1840 118
2343 1806 2459 1856 sqq.

1571 1856 1769 1920 Mergit
1809 1855 2055 1920 quosdam
2095 1857 2343 1904 bonorum
2381 1854 2573 1969 pagina

1503 1935 1557 1983 x,
1582 1925 1645 1970 57
1714 1928 1764 1970 te
1786 1936 1914 1970 onus
1937 1921 2166 1985 jacturae
2205 1920 2315 1981 xiii,
2352 1923 2383 1968 8
2487 1933 2571 1969 ce·

1502 1986 1651 2034 durias
1674 1986 1795 2050 jure
1834 1987 2016 2036 eodem
2059 1987 2165 2046 xiv,
2206 1990 2239 2034 9
2303 1991 2571 2049 mergetur

1498 2050 1676 2100 Tiberi
1700 2051 1769 2113 vi,
1807 2054 1902 2101 523
1972 2057 2083 2101 toto
2106 2050 2236 2100 aeuo
2260 2051 2432 2101 Cosmi
2459 2048 2570 2109 viii,

1502 2119 1569 2164 86
1632 2129 1803 2165 mersa
1845 2125 1957 2165 rate
2000 2115 2107 2178 xiv,
2146 2120 2239 2166 301
2307 2114 2487 2165 mersis
2515 2114 2571 2164 in

1504 2186 1739 2229 ventrem
1762 2181 1913 2230 rebus
1935 2180 2008 2235 xi.
2033 2185 2098 2231 40
2546 2209 2558 2216 ³

1572 2245 1709 2294 Meri
1731 2245 1921 2295 veteris
1945 2252 2150 2295 torrens
2174 2258 2270 2308 per
2291 2258 2447 2294 crura
2467 2257 2571 2293 ma-

1503 2307 1681 2360 dentia
1704 2310 1772 2370 vi,
1794 2314 1892 2360 319
1957 2324 2100 2360 mero
2140 2309 2346 2359 fervens
2374 2309 2451 2371 iii,
2471 2312 2569 2359 383

1504 2373 1724 2423 Falerno
1749 2375 1818 2435 vi,
1841 2379 1936 2424 303
2007 2375 2353 2451 titubantibus
2377 2387 2462 2436 xv,
2505 2377 2571 2425 48

1502 2439 2282 2574 ‘3'3355330503222252¹21?24
2323 2503 2436 2565 jam
2458 2517 2570 2552 ..s-

1502 2566 2569 2696 {53¹3f1“33r⁰⁸2.23‚2202335b}3332“332

1722 2669 1737 2694 2

1499 2698 1574 2747 sic
1598 2698 1779 2762 aliquis
1803 2713 1889 2761 xv,
1918 2701 1982 2747 24

1566 2763 1840 2813 Meritoria
1881 2778 1995 2830 quae
2031 2775 2266 2812 somnum
2287 2758 2572 2810 admittunt

1499 2827 1555 2877 iii
1599 2831 1696 2878 234

1563 2863 1815 2942 'Meritum
1872 2890 2010 2957 quod
2065 2889 2308 2956 pauperis
2348 2889 2422 2953 iii,
2476 2893 2572 2941 127

1502 2965 1621 3021 post
1647 2957 1929 3007 mirandum
1952 2972 2075 3006 sane
2097 2956 2191 3017 xii,
2216 2960 2309 3005 124
2373 2955 2573 3005 nullum

1503 3030 1602 3085 est,
1640 3022 1776 3087 quod
1805 3021 1899 3070 tibi
1923 3021 2110 3071 liliolus
2132 3020 2366 3070 nascitur
2398 3034 2465 3069 ex
2488 3034 2571 3070 me

1500 3085 1574 3149 ix,
1613 3090 1677 3135 82
1741 3087 1892 3134 nullis
1928 3085 2126 3135 meritis
2159 3086 2273 3135 visa
2295 3085 2460 3134 minor
2491 3090 2579 3134 est

1502 3165 1700 3200 merces
1739 3151 1851 3201 haec
1893 3150 2156 3215 smigniuis
2189 3154 2348 3215 atque
2379 3149 2573 3200 laboris

1503 3216 1590 3264 xiv
1634 3220 1727 3264 165

1570 3252 1754 3330 Meroe?
1798 3295 1829 3329 a
1859 3279 2029 3329 calida
2060 3278 2228 3343 petita
2262 3276 2497 3342 portabit
2521 3292 2574 3326 a·

1502 3360 1651 3409 quas,
1696 3351 1755 3395 ut
1794 3351 2008 3420 spargat
2049 3344 2100 3392 in
2137 3343 2301 3393 edem
2328 3341 2483 3393 Isidis
2504 3342 2575 3404 vi,

1503 3414 1601 3460 528
1667 3411 1717 3459 in
1754 3409 1936 3460 Mero‘e
1977 3423 2151 3460 crasso
2190 3410 2305 3473 qui·
2358 3407 2574 3455 miratur

1502 3475 1604 3538 maj
1615 3489 1754 3524 orem
1777 3473 1974 3524 infante
1997 3473 2276 3523 mamillam
2330 3470 2440 3532 xiii,
2461 3474 2555 3520 163

1568 3540 1724 3589 Merx
1743 3568 1807 3576 —
1824 3539 2009 3588 mercis
2025 3536 2326 3601 ablegaudae
2341 3534 2573 3584 Tiberim

1502 3604 1644 3654 ultra
1686 3603 1901 3652 fastidia
1944 3604 2050 3664 xiv,
2103 3606 2197 3651 201
2273 3613 2445 3649 merce
2500 3600 2569 3650 de

1502 3667 1673 3719 fracta
1695 3669 1919 3717 vendere
1942 3668 2124 3718 siluro·
2149 3666 2221 3726 iv,
2258 3668 2322 3712 33
2386 3665 2575 3716 merci·

1505 3733 1598 3782 bus
1622 3733 1806 3796 implet
1830 3747 2009 3781 navem
2034 3731 2139 3791 xiv,
2160 3734 2258 3779 288

1567 3796 1850 3845 Messalina
1867 3797 2117 3845 meretrix
2136 3792 2371 3857 Augusta
2385 3792 2456 3853 vi,
2475 3796 2573 3845 118

1502 3861 1651 3910 nubit
1678 3861 1845 3925 palam
1869 3860 1997 3910 Silio
2020 3876 2073 3922 x,
2105 3862 2363 3909 339-345
2430 3860 2575 3910 Mes-

1500 3927 1678 3976 salinae
1734 3925 1897 3976 oculis
1943 3924 2325 3989 extinguendus
2374 3926 2578 3989 rapitur

1501 3989 1706 4058 (Silius)
1729 4006 1781 4052 x,
1802 3994 1899 4040 333
1966 3990 2199 4040 libidines
2223 3990 2290 4050 vi,
2317 3993 2575 4039 115-132

1503 4072 1559 4118 x,
1582 4060 1675 4105 331
1705 4071 1783 4120 sq.
1807 4071 1942 4105 mors
1967 4064 2179 4107 auctore
2203 4055 2443 4104 Narcisso
2474 4050 2576 4128 fes·

1507 4121 1676 4171 tinata
1715 4121 1876 4171 inscio
1914 4121 2133 4172 Claudio
2168 4128 2225 4170 et
2261 4118 2427 4169 invito
2468 4130 2577 4179 xiv,

1504 4190 1604 4236 329
1625 4201 1649 4235 s
1691 4221 1706 4236 .

1571 4200 1802 4304 Mra-en
1861 4247 2117 4316 fructum)
2157 4260 2333 4298 veram
2352 4243 2572 4309 depren-
