3050 4913
1186 353 1630 403 mvENAms.
2341 343 2517 411 1237

297 497 393 558 ille
420 490 738 574 integritati
769 515 896 555 suae
925 496 1004 556 ita
1032 497 1332 558 restitutus
1361 507 1468 569 est,
1495 508 1560 558 ut
1588 499 1792 560 critica
1811 500 1938 577 jam
1962 521 2098 562 cura
2129 503 2511 581 supersedere

294 596 478 655 liceat.
552 596 778 654 Praeter
805 614 910 655 eos
942 594 1102 655 fuere
1128 596 1301 656 etiam
1331 596 1469 656 inde
1497 597 1576 657 ab
1603 598 1768 659 initio
1796 600 2014 658 Saeculi
2046 616 2193 660 xvi.
2218 601 2319 680 qui
2346 612 2515 661 notas

296 705 352 753 et
373 692 853 763 commentarios,
884 692 988 752 sed
1019 712 1226 771 parum
1270 693 1532 765 idoncos,
1563 696 1620 755 in
1652 704 1886 774 po'e’tam
1916 697 2254 758 scriberent.
2341 700 2510 769 Quos

299 810 450 851 nunc
477 790 738 850 breviter
765 790 1041 851 laudasse
1083 791 1357 863 sufficiat,
1387 813 1521 852 cum
1561 794 1690 871 jam
1735 795 1791 853 iu
1833 793 2171 854 Editionum
2214 795 2406 855 indice
2433 796 2509 856 de

298 889 361 947 iis
385 908 712 966 eorumque
741 889 1041 948 laboribus
1073 890 1560 970 qualemcumque
1593 891 1824 951 tulerim
1854 892 2215 953 seutentiam.

369 987 846 1047 Commentarios
890 986 1059 1046 Eadii
1102 989 1385 1060 Ascensii,
1417 989 1761 1061 Britannici,
1802 1000 1862 1050 et
1908 990 2272 1060 Mancinelli,
2295 990 2509 1070 saepius

294 1084 574 1162 repetitos
601 1105 725 1143 esse
755 1085 994 1144 Saeculo
1022 1101 1166 1145 xv1.
1189 1086 1316 1163 jam
1347 1105 1518 1164 supra
1550 1087 1772 1146 monui.
1858 1087 1935 1146 lis
1962 1106 2295 1147 accessere:

296 1196 341 1238 1.
369 1180 1172 1240 ANNOTATIUNCULAE
1216 1180 1385 1241 Coelii
1415 1180 1539 1241 Sec.
1567 1182 1859 1255 Curionis,
1888 1184 2079 1244 brevis
2108 1183 2502 1243 commentarii

366 1278 499 1336 vice
544 1277 792 1355 margini
830 1276 1078 1352 adjectae
1119 1297 1151 1336 a
1196 1278 1480 1349 Colinaeo,
1511 1279 1805 1359 Gryphio,
1850 1290 1910 1341 ct
1951 1281 2076 1341 aliis
2108 1282 2284 1341 Paris,
2324 1286 2497 1342 1528.

374 1382 551 1435 1535.
590 1372 769 1433 1561.
851 1374 1017 1433 Crac.
1046 1380 1220 1444 1529.
1310 1375 1497 1454 Lugd.
1533 1383 1706 1438 1538.
1735 1376 1911 1438 1556.
1944 1377 2117 1441 1564.
2205 1380 2500 1455 Antverp.

372 1478 551 1540 1559.

294 1584 367 1628 11.
397 1568 789 1639 SCHOLIA,
823 1578 885 1629 et
928 1568 1165 1645 quidem
1216 1580 1268 1629 1.
1297 1571 1566 1649 ejusdem
1600 1571 1898 1642 Curionis,
1931 1572 2149 1651 quibus
2194 1580 2317 1631 tum
2348 1589 2501 1649 prae-

366 1666 539 1725 terita
581 1665 663 1725 ab
690 1666 816 1725 aliis
840 1674 914 1729 ,et
955 1667 1323 1745 potissimum
1367 1668 1706 1728 Britannico
1747 1668 2135 1747 explicantur,
2177 1680 2302 1728 tum
2347 1668 2499 1725 male

363 1763 670 1822 intellecta
698 1762 1089 1842 corriguntur,
1113 1763 1275 1823 edita
1301 1784 1434 1823 cum
1461 1763 1782 1824 Britannici
1811 1774 2123 1823 comment.
2151 1783 2185 1821 a
2215 1763 2500 1822 Frobenio

369 1859 549 1919 Basil.
584 1867 761 1920 1551.
792 1870 852 1919 et
893 1878 927 1919 a
970 1861 1222 1920 Motello
1255 1862 1449 1922 Lutet.
1487 1861 1664 1924 1602.
1704 1860 1879 1923 1613.
1963 1870 2021 1922 2.
2052 1860 2202 1930 Atia,
2230 1870 2349 1920 tam
2394 1862 2501 1921 cri·

366 1955 467 2015 tici
497 1974 679 2033 quam
721 1956 1084 2032 grammatici
1127 1958 1474 2035 argumenti,
1520 1957 1740 2036 scripta
1770 1957 1848 2016 ab
1882 1956 2084 2017 Hadr.
2113 1955 2321 2029 Junio,
2364 1967 2425 2016 et
2466 1977 2499 2017 a

368 2054 697 2114 Pulmanno
725 2052 1000 2131 apposita
1030 2054 1274 2132 margini
1314 2054 1587 2114 editionis
1628 2074 1751 2116 suae
1781 2057 2064 2132 Antverp.
2104 2053 2281 2114 1565.
2320 2053 2496 2115 1566.

369 2159 546 2211 1585.
581 2156 760 2216 1587.
791 2150 980 2229 Lugd.
1011 2158 1184 2222 1590.
1270 2160 1330 2212 3.
1362 2149 1595 2212 Scholia
1625 2152 1832 2212 Vetera
1862 2174 1910 2212 s.
1936 2151 2217 2224 Vera-um,
2241 2173 2490 2231 quorum

360 2246 667 2308 dimidiam
709 2244 832 2306 fere
874 2257 1101 2324 partem
1148 2249 1317 2309 Valla
1348 2250 1555 2309 Venet.
1607 2248 1782 2310 1486.
1824 2248 2216 2327 evulgaverat,
2259 2257 2321 2308 et
2362 2268 2496 2329 quae

361 2347 587 2423 integra
618 2340 859 2403 edidere
879 2343 1137 2423 primum
1162 2345 1421 2405 Pithoeus
1443 2345 1643 2404 Lutet.
1674 2352 1848 2405 1585.
1872 2345 2083 2406 deinde
2094 2345 2492 2405 Commelinus

366 2440 642 2524 nemen».
678 2449 858 2513 1590.
900 2440 1187 2502 Motellus
1229 2441 1428 2502 Lutet.
1466 2440 1643 2504 1602.
1685 2439 1859 2504 1613.
1900 2441 2258 2502 Schrevelius
2299 2439 2490 2520 Lugd.

366 2540 498 2600 Bet.
535 2537 958 2602 1648—1684.
982 2547 1040 2598 et
1070 2537 1400 2597 Henniuius
1422 2537 1638 2614 Ultraj.
1673 2536 1847 2598 1685.
1879 2536 2072 2616 Lugd.
2092 2539 2222 2597 Bat.
2250 2533 2424 2606 1695.

290 2653 394 2697 111.
427 2634 1087 2696 ANNOTATIONES
1138 2634 1466 2695 Pulmanni
1515 2638 1799 2713 Antverp.
1838 2633 2011 2695 1565.
2041 2653 2174 2712 sqq.
2259 2633 2494 2693 Palm·

360 2736 560 2795 Lutet.
617 2740 793 2795 1585.
898 2729 1169 2813 Rigalt&
1218 2731 1414 2791 Latet.
1469 2729 1649 2792 1613.
1710 2727 1880 2792 1616.
1964 2729 2254 2791 Far-nabin·
2303 2729 2491 2789 Lond.

369 2829 545 2892 1612.
602 2827 782 2890 1620.
834 2827 1009 2890 1633.
1094 2827 1277 2887 Paris.
1330 2826 1505 2889 1614.
1574 2825 1747 2889 1626.
1807 2825 1981 2888 1644.
2068 2829 2259 2888 Amst.
2318 2825 2492 2896 1619.

370 2927 546 2990 1624.
584 2922 760 2987 1631.
790 2933 907 2985 cet.
978 2926 1021 2984 F
1025 2924 1250 2985 rancof.
1286 2924 1460 2986 1623.
1532 2925 1725 3004 Lugd.
1762 2923 1936 2983 1650.
1971 2924 2147 2995 1672.
2208 2924 2493 2983 Roterod.

367 3023 546 3084 1680.
576 3022 754 3082 1683.
788 3028 962 3090 1702.
1036 3022 1222 3099 Hagae
1244 3021 1415 3080 Com.
1444 3017 1621 3080 1683.
1693 3019 2076 3080 Almelovenii
2103 3034 2161 3081 et
2197 3021 2491 3080 Henm’m'i

357 3123 415 3180 in
438 3121 627 3199 hujus
653 3117 798 3179 edit.
828 3118 1046 3196 Ultraj.
1076 3116 1251 3179 1685.
1327 3115 1564 3176 Camilli
1592 3114 1928 3195 Sylvestris,
1957 3116 2268 3190 Bahrdtii,
2297 3117 2487 3187 Abali,

354 3218 732 3294 aliorumque
761 3216 816 3275 in
847 3213 1209 3275 versionibus
1239 3212 1561 3273 Iuvenalis.

287 3332 377 3375 tv.
409 3313 968 3375 PERIPHRASES
998 3313 1383 3392 aenigmaticae
1415 3310 1674 3371 Cluverii‘
1702 3310 1882 3372 Paris.
1923 3310 2095 3381 1607.

285 3429 342 3470 v.
374 3411 965 3471 PARAPHRASRS
1011 3429 1219 3489 parum
1278 3408 1450 3469 utiles
1502 3408 1711 3469 Feder.
1763 3407 1968 3468 Geruli
2018 3409 2265 3468 Veronae
2314 3415 2487 3476 1597.

358 3513 652 3587 Augustae
711 3506 948 3566 Vindel.
1008 3514 1183 3578 1599.
1248 3503 1423 3565 1600.
1490 3503 1664 3565 1603.
1781 3505 1999 3564 Protei
2054 3504 2233 3565 Paris.
2313 3500 2487 3563 1684.

357 3604 668 3683 Anonymi
694 3602 954 3663 auctoris
983 3622 1131 3663 vers.
1161 3621 1418 3680 german.
1448 3601 1642 3661 Berol.
1679 3608 1853 3670 1777.
2201 3595 2208 3598 ’

282 3718 372 3761 vl.
404 3701 1009 3762 COMMENTARH
1059 3699 1283 3759 Lubias·
1311 3702 1558 3759 Rostoc.
1594 3698 1769 3760 1602.
1813 3695 2001 3773 Lugd.
2038 3693 2210 3755 1603.
2255 3695 2490 3758 Hanov.

362 3798 543 3859 1603.
584 3795 755 3867 1619.
803 3798 1089 3856 Autumni
1118 3796 1299 3858 Paris.
1337 3792 1716 3864 1607.1614.
1777 3792 2076 3871 Grangaei
2106 3790 2285 3854 Paris.
2315 3793 2490 3855 1614.

357 3895 588 3955 Protei
616 3893 675 3953 in
707 3913 872 3954 usum
898 3893 1175 3971 Delphini
1208 3894 1386 3952 Paris.
1424 3891 1602 3953 1684.
1675 3887 2028 3964 Rothomagi
2066 3886 2238 3948 1685.
2298 3889 2490 3952 Lond.

366 3990 545 4061 1691.
576 3987 774 4061 «1699.
822 4000 1000 4060 1708.
1082 3989 1354 4050 Juvencia·
1397 3987 1752 4065 Rothomagi
1811 3984 1987 4056 1697.
2043 3993 2215 4055 1709.
2303 3986 2485 4044 Paris.

367 4094 543 4155 1715.
637 4085 963 4152 ΜανεΙιαΙΙι·
1010 4089 1201 4148 Lond.
1263 4094 1437 4156 1723.
1541 4085 1746 4147 0111ιηὶ
1792 4093 1853 4144 et
1912 4080 2172 4143 Madam'
2211 4079 2265 4138 in
2308 4101 2487 4140 verss.

358 4182 536 4262 Angl.
567 4184 762 4246 Lond.
796 4191 949 4256 1785
979 4194 1036 4247 et
1073 4193 1247 4256 1789.
