3050 4913
492 358 667 429 1206
1153 372 1542 422 aecensus
1594 364 2021 422 ammomum

1517 501 1693 565 1562.

570 604 878 668 Jumalis
903 610 960 662 et
992 603 1263 673 Persius,
1289 600 1557 679 Lugduni
1582 599 1748 680 apud
1769 599 1871 661 Jo.
1902 599 2427 662 Fanum-12.
2460 603 2636 667 1562.

575 703 787 781 Repet.
835 700 976 761 edit.
1030 699 1301 777 Lugdun.
1354 698 1530 760 1556.
1559 697 1719 775 quod
1768 697 2016 755 Sodales
2057 697 2353 775 Bipontini
2383 699 2600 760 docent
2627 721 2709 759 ex

490 798 718 877 Engclii
751 798 1030 858 Biblioth.
1061 797 1164 856 sel.
1192 818 1253 876 p.
1281 806 1378 868 40.
1408 796 1464 855 in
1488 816 1621 856 voc.
1654 793 1940 855 Catullus.

1503 891 1676 953 1564.

571 989 603 1022 ⁴*
629 999 711 1067 (n.
742 997 867 1063 73.)
895 992 1073 1051 Jnnii
1098 990 1407 1051 Juvenalis
1433 997 1492 1049 et
1520 991 1600 1050 A.
1637 988 1842 1048 Persii
1870 985 2130 1063 Satyroe,
2159 986 2704 1067 adnotatiunculis,

485 1105 619 1167 (κο
668 1088 853 1147 brevis
902 1090 1305 1148 commentarii
1352 1089 1471 1148 vice
1519 1106 1637 1146 csse
1677 1087 1938 1164 possint,
1987 1084 2335 1144 illustratoe.
2422 1085 2703 1164 Lugduni

484 1183 652 1263 apud
673 1184 963 1245 Joannem
995 1184 1540 1247 Fullonium—12.
1581 1187 1750 1247 1564.

562 1282 632 1340 In
677 1281 828 1343 fine:
889 1292 906 1316 ‘
935 1281 1204 1360 Lugduni
1247 1283 1586 1344 excudebat
1629 1283 2095 1364 Symphorianus
2139 1278 2417 1339 Barbier.'
2469 1277 2565 1338 Cf.
2611 1279 2694 1338 ad

483 1376 753 1458 Lugduu.
789 1377 961 1440 1556.

1509 1473 1684 1537 1665.

569 1570 601 1604 '⁵
643 1572 1064 1635 Pulmanniana
1121 1594 1170 1634 s.
1215 1572 1573 1633 plantiniana
1622 1591 1670 1635 1.
1715 1578 1802 1650 (n.
1853 1577 1979 1646 75.)
2029 1573 2118 1634 D.
2160 1571 2340 1632 Junii
2385 1569 2700 1630 Juvenalis

483 1665 837 1746 Satyrorum
877 1671 1057 1730 Libri
1086 1688 1148 1731 ν.
1180 1671 1254 1732 A.
1285 1670 1489 1731 Persii
1530 1671 1728 1733 Flacci
1768 1671 2121 1750 Satyraram
2166 1669 2348 1729 Liber
2387 1685 2436 1726 1.
2470 1665 2695 1728 Theod-

477 1760 808 1827 Palmanni
833 1769 897 1826 in
925 1767 1145 1827 eosdem
1171 1770 1603 1829 annotationes.
1686 1767 2023 1846 Antverpiae
2049 1778 2117 1824 ex
2156 1763 2389 1847 officina
2422 1764 2691 1824 Christo-

467 1865 653 1944 phora·
683 1866 1113 1926 Plautini—8.
1150 1864 1326 1926 1565.

561 1963 959 2031 Pulmannns,
1004 1961 1373 2036 (Poelmann)
1415 1979 1552 2020 cum
1581 1980 1614 2018 a
1645 1958 1981 2037 pannificio,
2028 1959 2188 2039 quod
2235 1962 2486 2039 primum
2536 1958 2694 2018 didi-

474 2068 654 2126 cerat,
686 2059 758 2116 ad
791 2057 1166 2136 philologiam
1194 2056 1536 2127 transiisset,
1566 2058 1623 2115 in
1646 2056 1860 2116 multos
1894 2063 2182 2118 Auctores
2204 2059 2481 2117 classicos
2511 2064 2685 2116 notas

470 2153 721 2233 scripsit,
762 2154 820 2212 in
852 2156 1068 2231 quibus
1108 2163 1300 2214 tamen
1330 2163 1536 2234 pauca
1571 2164 1796 2214 tantum
1825 2174 1897 2213 ex
1941 2154 2382 2233 ipsiustingeuio
2411 2153 2684 2232 profecta

476 2259 631 2321 sunt,
662 2259 722 2309 et
748 2249 943 2309 omnia
972 2250 1093 2311 fere
1120 2272 1194 2310 ex
1221 2250 1465 2310 aliorum
1491 2250 1676 2320 libris,
1721 2251 2020 2329 praecipue
2047 2273 2119 2311 ex
2148 2252 2417 2312 Turnebi
2448 2253 2688 2311 Adver-

474 2345 657 2418 sariis,
702 2346 907 2425 petita.
992 2347 1192 2425 Hujus
1241 2366 1481 2426 quoque
1531 2346 1756 2423 generis
1805 2356 1940 2406 sunt
1991 2346 2405 2407 adnotationes
2444 2348 2572 2424 ejus
2616 2347 2679 2407 in

470 2444 838 2514 Juvenalem,
882 2442 954 2503 ad
985 2443 1205 2503 calcem
1246 2443 1419 2522 hujus
1445 2442 1542 2503 ed.
1582 2441 1841 2518 rejectae,
1883 2444 2093 2524 quibus
2117 2451 2172 2504 et
2215 2446 2683 2525 castigationum

469 2559 705 2600 suarum
728 2543 1017 2601 rationem
1040 2541 1264 2614 reddit,
1293 2546 1349 2600 et
1371 2541 1498 2600 loca
1525 2538 1867 2622 difficiliora
1888 2561 1917 2599 e
1937 2542 2180 2619 scriptis
2208 2541 2677 2603 doctissimorum

470 2636 766 2697 hominum
790 2639 1068 2717 explicat.
1149 2639 1371 2698 Praeter
1395 2638 1519 2696 illas
1549 2638 1607 2695 in
1639 2638 1893 2717 margine
1921 2638 2193 2717 leguntur
2221 2638 2459 2697 Scholia
2485 2638 2680 2698 Hadr.

466 2734 641 2806 Junii,
676 2735 899 2794 Medici
934 2746 1111 2813 atque
1138 2735 1430 2813 philologi
1462 2735 1694 2805 Batavi,
1736 2742 1822 2812 (n.
1857 2742 2032 2794 1511.
2074 2745 2113 2808 †
2138 2738 2336 2808 1575.)
2365 2737 2420 2795 in
2452 2735 2675 2814 quibus

466 2839 526 2887 et
571 2831 739 2889 varim
769 2831 1075 2903 lectiones,
1120 2832 1222 2891 sed
1250 2832 1464 2911 simpl„
1507 2828 1970 2912 non'designatis
1999 2833 2203 2906 codd„
2252 2833 2353 2912 qui
2378 2852 2475 2892 eas
2515 2833 2684 2891 exhi·

468 2925 630 2997 bent,
675 2940 1066 2998 recensentur,
1114 2938 1175 2988 et
1218 2929 1349 2988 loca
1376 2929 1649 3007 quaedam
1693 2929 1948 2989 obscura
1988 2931 2215 3008 paucis,
2256 2941 2315 2989 at
2346 2950 2505 3009 saepe
2546 2949 2688 3007 per-

466 3042 690 3099 peram,
743 3025 1129 3102 explicantur.
1214 3024 1372 3084 Mira·
1414 3035 1609 3085 autem
1658 3036 1749 3084 est
1798 3025 2108 3085 Pulmanni
2157 3026 2523 3104 negligentia,
2573 3027 2681 3105 qui

463 3119 784 3181 lectoribus
823 3141 1012 3200 neque
1040 3123 1339 3193 indicavit,
1381 3124 1693 3202 cujusnam
1733 3124 1848 3183 iuae
1879 3124 1994 3183 sint
2032 3124 2262 3201 glossae,
2292 3142 2483 3200 neque
2512 3142 2677 3181 com·

463 3218 681 3295 pendia
721 3219 820 3277 illa
859 3219 1149 3279 literarum
1194 3221 1276 3281 N.
1296 3222 1380 3280 P.
1403 3221 1500 3282 M.
1523 3221 1598 3292 1„
1643 3220 1861 3298 quibus
1907 3220 1966 3279 in
2012 3219 2513 3300 Adnotationibus
2553 3219 2677 3279 suis

464 3314 551 3374 nti
580 3315 752 3386 solet,
783 3317 1087 3394 explicuit.
1174 3318 1266 3377 De
1297 3327 1549 3397 utroque
1580 3318 1707 3394 jam
1736 3317 2011 3377 certiores
2040 3336 2149 3376 nos
2177 3316 2317 3376 fecit
2348 3315 2678 3377 Henninius

459 3412 551 3471 liis
579 3413 808 3473 verbis:
856 3422 872 3448 ‘
896 3414 1180 3475 Videntur
1209 3415 1378 3475 nobis
1405 3416 1521 3475 inae
1550 3416 1729 3474 literae
1758 3415 1985 3494 signare
2014 3414 2209 3474 Codd.
2244 3415 2405 3474 MSS.
2453 3416 2675 3474 Novio-

460 3527 807 3591 magensem,
849 3512 1201 3585 Fuluiani,
1245 3513 1621 3595 Miggrodii,
1661 3511 1860 3584 Junii,
1894 3513 2108 3590 quibus
2136 3531 2197 3570 se
2228 3531 2394 3571 usum
2425 3511 2483 3570 in
2514 3511 2676 3574 Prae-

459 3606 678 3668 fatioue
717 3620 808 3669 est
845 3619 1111 3670 testatus.
1197 3610 1431 3670 Scholia
1470 3624 1668 3670 autem
1713 3609 1901 3669 Hadr.
1928 3611 1962 3670 J
1972 3609 2111 3679 unii,
2154 3628 2401 3686 quorum
2446 3607 2670 3668 ibidem

458 3700 647 3782 injicit
675 3707 1046 3779 mentionem,
1089 3708 1232 3767 nulli
1260 3708 1622 3780 dubitamus,
1666 3709 1806 3786 quin
1836 3707 1952 3766 sint
1978 3706 2098 3777 illa,
2143 3725 2278 3785 quae
2308 3706 2670 3766 Pulmannus

456 3799 531 3858 ad
578 3803 894 3878 marginem
936 3804 1078 3864 edit.
1108 3804 1490 3867 plantinianae
1531 3805 1775 3882 adjecit,
1821 3823 1957 3862 cum
2003 3803 2059 3861 in
2106 3803 2227 3861 vita
2270 3801 2455 3861 Hadr.
2485 3802 2667 3873 Junii,

455 3914 589 3972 quae
636 3897 766 3973 ejus
820 3899 1119 3976 Epistolis
1166 3900 1506 3980 praefigitur,
1561 3902 1796 3961 dicatur
1841 3901 2145 3978 scripsisse
2191 3902 2256 3959 in
2298 3898 2666 3971 Jnoenalem,

454 3992 614 4070 quod
660 3993 809 4052 inter
855 3995 1091 4072 publico
1133 3998 1274 4056 data
1315 3998 1393 4056 ab
1441 4018 1512 4056 eo
1551 4006 1900 4056 recensetur.
1985 3998 2138 4055 Cum
2183 4015 2322 4054 vero
2371 4014 2662 4073 nusquam

452 4088 880 4149 meminerimus
910 4091 1034 4151 visa
1061 4094 1228 4152 nobis
1257 4112 1328 4152 ea
1354 4093 1413 4151 in
1435 4093 1776 4154 ,Iuvenalem
1806 4113 1839 4152 a
1867 4093 2047 4152 Junio
2073 4093 2428 4169 conscripta,
2455 4111 2667 4168 quam-

453 4185 539 4243 vis
568 4184 876 4265 diligenter
901 4187 1389 4265 inquisiverimus,
1434 4189 1608 4249 facile
1635 4189 1927 4249 credimus
1954 4189 2049 4249 illa
2083 4191 2211 4268 ipsa
2234 4189 2395 4250 Junii
2423 4179 2666 4251 Scholia

410 4346 414 4349 Α
453 4301 596 4353 esse,
641 4303 775 4361 quae
805 4284 1160 4346 Pulmannus
1186 4284 1262 4353 ad
1292 4287 1606 4365 marginem
1633 4287 1670 4347 J
1677 4287 1934 4346 uveualis
1961 4284 2205 4361 adjecit,
2249 4286 2307 4345 id
2338 4282 2499 4364 quod
2531 4284 2664 4362 ipse
