3050 4913
1124 350 1372 399 Pssnsn
1434 350 1603 401 SAT.
1651 351 1733 400 11.

298 490 410 541 eui
432 488 647 541 barbam
673 487 899 539 vellebat
924 490 1063 541 Lais.
1121 492 1326 543 Cusaub.

389 567 485 617 las
522 566 638 629 His,
657 565 766 629 ssa-‚J
812 566 925 617 Hos
942 582 1117 619 omnes
1139 570 1391 621 virtutum

300 650 377 694 et
402 643 676 697 literarum
708 643 927 693 insulsos
945 652 1292 696 contemtores
1314 661 1394 696 re·

299 720 503 785 padio,
524 726 582 769 et
600 719 675 768 his
698 718 899 778 mando,
916 727 973 768 ut
997 734 1145 769 mane
1164 721 1389 772 edictum

302 795 567 862 pratoris
597 794 666 845 ob
704 810 775 845 es
814 796 1036 845 alienum
1072 797 1152 845 vel
1183 798 1389 860 culpam

302 872 541 922 audiant
561 888 579 932 ;
615 876 734 936 post
768 872 984 935 prandia
1008 879 1180 922 autem
1204 874 1283 921 vel
1303 873 1391 922 ho·

304 962 431 998 nm
443 962 649 1008 nonam,
666 944 912 997 famosam
934 948 1255 997 meretricem
1274 948 1391 997 Cal-

304 1022 542 1085 lirhoen,
572 1030 629 1073 et
664 1022 789 1071 alias
832 1024 1060 1087 corporis
1093 1024 1390 1087 voluptates

309 1098 578 1160 concedo,
609 1104 665 1148 et
702 1098 769 1147 ab
803 1099 938 1147 omni
981 1099 1198 1148 honesto
1238 1112 1385 1147 exer·

311 1168 450 1223 c'itio
468 1180 523 1224 et
546 1174 671 1223 meis
695 1173 943 1235 imprimis
966 1174 1182 1237 Satyris,
1197 1175 1383 1238 quibus

311 1250 434 1299 vita
457 1254 514 1299 et
535 1264 704 1298 mores
728 1249 1087 1311 emendantur,
1121 1250 1382 1300 abstinere

300 1325 492 1391 jubeo.
524 1324 862 1375 Lubine—His
882 1325 1037 1388 mane]
1085 1325 1268 1376 Studia
1298 1340 1384 1377 eo-

318 1416 438 1451 rum
472 1399 709 1465 exponit,
731 1400 910 1464 quibus
942 1400 1240 1463 Satyrarum
1275 1416 1386 1451 sua-

322 1491 439 1526 rum
472 1476 701 1527 lectione
735 1475 1113 1527 interdicebat:
1150 1477 1224 1527 ait
1257 1478 1383 1528 istos

312 1552 428 1601 duo
466 1551 629 1601 solum
663 1565 893 1602 curasse:
940 1550 1127 1617 forum,
1169 1559 1387 1617 propter

2404 342 2538 410 221

1475 494 1776 545 avaritiam:
1796 500 1852 545 et
1870 494 2156 560 lupanaria,
2167 510 2340 548 amore
2358 499 2539 564 volup-

1473 569 1620 618 tatis·
1689 570 1820 620 Hoec
1856 571 2015 635 igitur
2044 572 2219 622 studia
2240 588 2296 623 se
2324 575 2427 625 illis
2463 590 2543 625 re·

1470 645 1709 708 linquere
1740 647 1849 696 siue
1884 647 2076 698 invidia
2108 650 2337 712 satyrice
2370 656 2543 700 osten-

1472 722 1569 772 dit.
1635 722 1733 785 Do,
1768 726 1926 786 valet,
1946 727 2161 778 mando:
2201 730 2340 792 quod
2382 745 2539 795 appa·

1472 807 1554 849 ret
1593 814 1658 848 ex
1691 800 1946 853 Horatio:
1982 806 1996 833 ‘
2023 806 2212 855 Forum
2260 809 2541 874 putealque

1472 876 1685 925 Libonis
1732 878 1993 930 Mandabo
2027 882 2210 932 siccis?
2299 884 2542 934 Edictum

1470 951 1704 1015 intellige
1744 957 2012 1016 praetoris3
2051 964 2105 1005 et
2140 958 2208 1006 ah
2244 974 2346 1007 una
2365 960 2545 1023 specie

1461 1026 1838 1090 jurisdictionis
1883 1036 2102 1080 caeteras
2157 1047 2333 1083 omnes
2384 1049 2539 1099 cape.

1472 1100 1628 1149 Mane
1661 1110 1834 1151 autem
1868 1104 2069 1167 judicia
2109 1107 2430 1159 exercebant
2480 1116 2538 1160 et

1470 1175 1612 1225 sicci.
1685 1175 1955 1226 Calin-rhais
1979 1193 2100 1228 voce
2133 1180 2219 1229 hic
2246 1181 2457 1245 (nomen
2483 1184 2539 1234 id

1472 1250 1630 1300 scorti
1653 1252 1910 1315 quondam
1934 1254 2284 1320 celeberrimi)
2299 1258 2540 1309 universa

1471 1325 1916 1389 voluptuariorum
1942 1329 2111 1379 studia
2133 1337 2289 1394 atque
2317 1340 2543 1398 occupa-

1462 1401 1633 1526 22¹1:ae
1655 1405 1997 1467 συνεκδοχικῶς
2018 1406 2395 1475 intelliguntur.
2446 1410 2539 1459 Co·

1577 1492 1656 1528 on.

1132 2142 1596 2219 SATIRA
1648 2144 1784 2218 11.

391 2412 517 2464 Hac
546 2414 733 2480 Satyra
761 2416 990 2468 secunda
1014 2417 1226 2470 Persius
1259 2417 1385 2469 smi-

323 2504 444 2539 cum
467 2506 613 2540 suum
635 2492 861 2543 Plotium
892 2495 1186 2546 Macrinum
1218 2497 1384 2545 virum

322 2565 683 2617 doctissimum
711 2577 766 2618 et
798 2570 1183 2635 integerrimum
1218 2573 1387 2621 horta·

325 2649 434 2704 tur,
454 2651 512 2694 nt
537 2646 686 2708 genio
716 2646 985 2712 indulgeat
1017 2643 1072 2698 et
1103 2649 1386 2714 sacrificet,

322 2719 463 2783 quod
487 2721 669 2771 natalis
690 2722 799 2772 dies
820 2723 905 2786 sit,
933 2730 989 2774 et
1022 2732 1082 2775 ut
1111 2724 1387 2788 frugaliter

325 2796 452 2845 illud
491 2796 669 2861 faciat,
702 2800 840 2863 quod
878 2816 982 2849 non
1022 2807 1083 2852 ut
1125 2803 1387 2866 principes

328 2872 565 2936 Romani,
586 2873 746 2937 impis
768 2884 887 2925 vota
913 2874 1089 2935 facist,
1118 2892 1221 2927 nec
1256 2892 1387 2943 opus

326 2946 518 2998 habeat
559 2956 620 2998 ut
651 2952 842 3014 magnis
886 2951 1256 3002 sacrificiorum
1299 2953 1390 3003 irn-

325 3024 501 3087 pensis
525 3026 670 3075 Deos
694 3035 1011 3090 corrumpat.
1079 3027 1389 3078 Inscribitur

326 3108 500 3149 sutem
538 3102 624 3150 D·
647 3114 799 3151 noua
822 3116 1032 3166 unare,
1064 3112 1119 3155 et
1149 3105 1387 3155 desumta

326 3181 410 3223 est
432 3189 496 3223 ex
524 3175 758 3226 Platonis
781 3177 1071 3240 Alcibiade,
1093 3195 1205 3245 qnae
1229 3182 1388 3247 impia

326 3257 382 3306 et
406 3252 660 3303 scelerata
675 3254 936 3304 homiuum
954 3262 1079 3305 vota
1096 3256 1322 3309 damnat.

396 3332 421 3377 l
460 3327 603 3377 Hm
643 3330 878 3391 illan-ine,
916 3330 1023 3393 hu]
1088 3331 1387 3398 Alloquitur

326 3402 557 3470 Plotium
580 3405 1156 3469 Macrinum,homiuem
1185 3424 1307 3458 saue
1336 3426 1388 3459 e-

326 3481 642 3542 ruditum,et
658 3489 876 3546 paterno
894 3498 949 3532 se
968 3480 1159 3533 affectu
1174 3485 1389 3549 diligen·

329 3565 453 3626 tem,
476 3559 564 3623 qui
601 3559 652 3607 in
685 3558 835 3608 domo
856 3558 1066 3608 Servilii
1110 3560 1385 3626 didicerat,

324 3649 357 3684 a
390 3651 493 3700 quo
527 3636 747 3698 agellum
788 3643 1196 3699 comparaverat,
1221 3637 1385 3687 indul-

1467 2415 1668 2467 tatione
1691 2414 1830 2466 facta
1854 2414 2119 2479 videbant,
2143 2420 2272 2480 quot
2287 2414 2395 2467 dies
2416 2415 2537 2468 anui

1464 2493 1614 2542 laetos
1646 2492 1966 2554 habuissent,
2016 2497 2073 2542 et
2120 2491 2204 2541 εἰς
2228 2507 2284 2542 se
2331 2499 2536 2542 tantum

1464 2570 1655 2620 vixisse
1701 2570 2296 2635 putabant.—Meliore]
2348 2570 2540 2621 Candi-

1468 2645 1632 2694 diore.
1666 2647 1889 2695 Veteres
1913 2645 2049 2694 enim
2071 2645 2243 2694 omnia
2264 2646 2384 2695 alhs
2401 2645 2539 2695 bona

1470 2721 1771 2771 censebant.
1819 2721 2049 2771 Lubim.
2116 2720 2380 2772 Numerare
2413 2735 2537 2786 ergo

1470 2797 1574 2846 albo
1629 2797 1808 2860 lapillo,
1855 2797 2049 2847 locutio
2101 2796 2426 2860 παροιμιώδης,
2468 2797 2537 2848 ad

1470 2875 1820 2940 cujuscunque
1870 2875 2046 2939 gaudii
2085 2874 2537 2938 significationem.

1471 2951 1678 3002 Casuub.

1533 3032 1566 3076 2
1603 3026 1719 3088 Qui,
1741 3028 1849 3092 ζα]
1894 3026 2000 3078 Qui
2024 3026 2211 3077 natalis
2233 3026 2344 3076 dies
2362 3028 2539 3078 candi-

1472 3101 1586 3163 dus,
1607 3100 1750 3163 felix,
1768 3110 1825 3152 et
1846 3103 2142 3166 auspicatus
2177 3111 2279 3153 tuoe
2304 3103 2429 3153 vitae
2449 3118 2540 3154 -an-

1471 3191 1566 3226 nos
1588 3178 1826 3227 labentes
1860 3185 1915 3228 et
1947 3175 2160 3242 fugaces
2184 3177 2332 3229 addit
2351 3179 2448 3230 tibi
2482 3187 2540 3231 et

1471 3254 1725 3318 adponit3
1755 3255 1806 3303 id
1831 3261 1930 3315 est,
1961 3253 2170 3304 Annum
2214 3256 2538 3319 praeteritum

1474 3329 1768 3380 claudendo
1795 3330 1899 3380 tibi
1927 3330 2137 3394 reliquis
2185 3331 2538 3394 superioribus

1473 3404 1727 3469 adjungit.
1761 3406 2204 3468 Lala-labentes]
2238 3407 2537 3470 Pro-lapsis:

1469 3480 1570 3529 nisi
1592 3495 1655 3531 eo
1680 3481 1914 3545 respicit,
1935 3482 2069 3545 quod
2105 3496 2245 3546 saepe
2268 3481 2538 3533 inchoatus

1469 3570 1633 3605 anuus
1662 3572 1755 3620 pro
1778 3558 2016 3607 absoluto
2049 3565 2380 3607 numeratur:
2415 3572 2538 3608 cum

1469 3644 1562 3682 xx.
1603 3647 1762 3681 annos
1801 3640 1979 3681 natum
2018 3632 2237 3681 dicimus
2277 3646 2412 3696 eum,
2447 3633 2538 3697 qui

326 3719 383 3762 to
415 3710 513 3760 sihi
539 3712 708 3775 pretio
728 3712 1005 3775 aliquanto.
1074 3713 1177 3763 Vee.
1213 3713 1395 3763 Sch.—
1477 3715 1600 3773 agat
1639 3710 1959 3773 vigesimum.
1999 3709 2539 3776 cmm—Candidus]

334 3789 480 3840 Hanc
513 3788 660 3852 diem]
726 3788 966 3838 Natalem
990 3789 1193 3838 scilicet
1230 3796 1392 3840 tuum.
1474 3785 1640 3835 Albus
1664 3794 1721 3835 et
1742 3785 2187 3848 felix.—-Adponu]
2231 3785 2369 3835 Duru
2394 3786 2538 3837 vide-

331 3865 563 3926 Numera,
582 3863 689 3927 qm]
735 3864 883 3914 Inter
906 3864 1017 3913 dies
1036 3865 1159 3914 vitae
1186 3871 1289 3915 tna».
1308 3867 1395 3915 ιω..
1474 3860 1600 3910 licet
1614 3875 1769 3910 novos
1791 3859 1998 3910 inchoat
2015 3867 2071 3910 et
2089 3861 2383 3923 praeteritos
2400 3862 2539 3911 clau·

327 3939 552 3989 tissimos
583 3939 736 4003 habe,
768 3946 822 3988 et
856 3939 1157 3988 candidiore
1190 3940 1391 3991 calculo
1475 3937 1571 4000 dit,
1593 3944 1649 3986 et
1679 3944 1958 4001 sequentes
1992 3937 2410 4001 praecedentibus
2445 3937 2535 3986 ad-

328 4028 557 4065 numera.
624 4015 707 4064 Ex
748 4015 1074 4064 Cretensium
1119 4016 1200 4064 vel
1233 4016 1394 4066 Thra·
1463 4013 1660 4077 jungit.
1693 4013 1866 4064 Μῶα.

325 4105 443 4141 cum
484 4105 630 4141 ruore
669 4092 921 4157 loquitur,
957 4090 1047 4157 qui
1090 4090 1203 4140 dies
1243 4091 1392 4141 laetos
1540 4093 1570 4139 3
1610 4090 1793 4152 Funde,
1825 4091 1935 4154 ξω]
2003 4090 2326 4153 Emphatice,
2362 4089 2536 4140 vinum

328 4165 466 4229 albo,
501 4166 677 4215 tristes
714 4166 864 4229 nigro
898 4166 1089 4230 lapillo,
1122 4166 1175 4214 in
1208 4165 1394 4216 cistam
1475 4172 1817 4231 tantum,non
1837 4168 2165 4219 hecatombas
2183 4167 2352 4225 adser;
2376 4168 2534 4216 sacri-

329 4233 567 4306 eonjecto
585 4240 911 4294 indicabant..
975 4241 1173 4293 Postea
1184 4257 1393 4308 compu-
1475 4244 1579 4295 fica
1597 4251 1800 4298 tantum
1822 4246 1959 4312 vino,
1980 4259 2081 4296 nou
2103 4251 2328 4297 mactata
2347 4241 2544 4304 hostisqm
