3050 4913
747 351 1106 416 moninus,
1156 352 1251 401 s'r
1295 351 1705 402 scamnum
1750 354 2076 404 annuns.
2428 331 2516 406 17

315 500 448 587 ipsi
502 500 980 585 frequentasse,
1035 498 1156 563 se'd
1212 497 1613 563 commercia
1665 516 1817 562 cum
1870 497 2003 562 illis
2059 516 2181 583 per
2237 495 2518 567 Graecos

318 605 515 688 quasi
561 603 1007 667 internuncios
1057 602 1425 665 celebrasse
1466 600 1889 664 existimandi
1929 604 2100 663 sunt.
2185 598 2351 663 Inde
2377 601 2520 665 fac·

318 712 461 769 tum
504 709 629 782 est,
674 710 753 768 ut.
795 724 1021 769 omnes
1066 704 1359 768 Romani
1405 703 1622 787 poetae
1672 721 1715 766 a
1760 702 2025 768 Graecis
2083 700 2432 786 pendeant,
2478 721 2522 767 a

319 809 565 893 quibus
593 808 816 871 omnia
854 807 987 870 fere
1014 807 1159 889 jam
1177 812 1514 890 occupata
1546 807 1953 883 invenerant,
1980 805 2321 888 magisque
2347 824 2520 869 sem-

315 930 436 1000 per
475 909 847 986 imitationi,
889 923 1106 992 'quam
1171 908 1536 974 inventioni
1593 908 1985 986 studuerint,
2030 909 2128 973 ita
2172 913 2247 971 ut
2294 925 2521 972 recen·

312 1012 514 1076 tiorae
542 1011 984 1094 antiquiorum
1011 1011 1307 1093 vestigiis
1351 1011 1650 1074 insistere
1685 1011 1964 1075 soleant.
2053 1008 2149 1073 Ut
2193 1008 2520 1074 Horatius

314 1112 673 1190 Lucilium,
722 1113 837 1195 qui
898 1116 1117 1177 tamen
1174 1115 1332 1177 novi
1389 1113 1644 1194 generis
1702 1111 2068 1176 carminum
2126 1117 2358 1176 auctor
2417 1115 2523 1177 est

314 1213 683 1290 babenduS,
734 1213 795 1276 si
838 1212 1114 1276 formam
1159 1220 1446 1296 spectes,
1485 1234 1618 1278 uon
1656 1213 2030 1291 materiam,
2074 1213 2362 1278 liberiori
2419 1219 2521 1279 ta-

314 1334 468 1379 men
511 1316 771 1379 incessu
813 1319 1078 1379 secutus
1121 1321 1243 1393 est,
1308 1317 1406 1379 ita
1463 1314 1737 1380 Persius
1789 1335 1878 1379 ex
1921 1315 2265 1381 Venusino
2336 1316 2516 1381 sonte
2622 1309 2629 1316 ’

311 1416 613 1480 hortulos
657 1433 816 1479 suos
876 1417 1134 1497 rigavit.
1251 1415 1331 1480 In
1394 1416 1805 1499 explorando
1879 1423 2122 1496 autem,
2198 1423 2515 1502 quantum

315 1517 573 1583 Noster
591 1516 873 1581 Horatio
902 1517 1162 1595 debeat,
1193 1516 1632 1582 Casaubonus
1661 1519 2013 1597 curiosius,
2045 1538 2240 1602 paene
2271 1519 2514 1598 dicam,

311 1622 637 1705 iniquius,
666 1639 866 1704 quam
909 1639 1030 1703 par
1076 1626 1202 1699 est,
1230 1625 1554 1698 versatur,
1584 1640 1734 1685 cum
1775 1640 1907 1686 non
1947 1622 2161 1687 solum
2191 1623 2514 1689 dictiones

310 1721 432 1787 sed
474 1723 742 1804 singula
781 1740 981 1806 paene
1023 1722 1227 1785 verba
1281 1722 1570 1799 rimetur,
1630 1740 1783 1805 quae
1837 1724 2095 1806 utrique
2144 1725 2522 1792 communia

308 1824 577 1902 fuerint,
611 1824 773 1888 etin
802 1844 956 1908 quae
1004 1829 1281 1907 uterque
1306 1829 1544 1907 sponte
1571 1823 1860 1888 incidere
1883 1826 2183 1909 potuerit.
2261 1825 2515 1895 Verum

310 1923 537 1989 Persii
603 1924 887 1989 imitatio
938 1924 1314 1991 Horatiana
1364 1944 1495 1989 non
1564 1926 1777 1990 solum
1845 1926 1917 1989 in
1979 1926 2379 1992 dictionibus
2449 1936 2518 1996 et

312 2031 564 2105 verbis,
609 2028 729 2092 sed
777 2028 979 2093 etiam
1025 2030 1093 2092 in
1142 2027 1522 2104 sententiis,
1553 2045 1725 2109 quas
1774 2045 1899 2092 suo
1949 2047 2134 2094 morc
2190 2033 2518 2110 tractavit,

313 2131 622 2208 cernitur,
697 2130 785 2194 ad
841 2128 1018 2213 quod
1077 2130 1463 2194 imitationis
1520 2129 1725 2212 genus
1780 2128 2249 2195 Casaubonum
2298 2134 2518 2198 minus

312 2232 675 2298 attendisse
719 2231 869 2316 jure
913 2232 1189 2295 mireris.
1297 2230 1454 2294 Non
1497 2231 1776 2295 dixerim
1837 2238 2058 2296 tamen
2101 2253 2254 2298 eum
2300 2236 2521 2300 omnia

314 2335 667 2399 satirarum
709 2336 1087 2415 argumenta
1129 2351 1215 2395 ex
1246 2330 1537 2396 Horatio
1566 2334 1907 2410 sumsisse,
1935 2335 2274 2418 multoque
2300 2337 2516 2401 minus

311 2435 465 2501 loca
501 2435 572 2499 in
613 2433 794 2500 illius
836 2434 1062 2500 satiris
1100 2439 1167 2499 et
1210 2433 1513 2519 epistolis
1563 2433 1987 2513 definiverim,
2040 2436 2277 2519 quibus
2323 2437 2514 2502 lectis

310 2538 556 2604 Persio
605 2537 672 2601 in
712 2542 990 2602 mentem
1041 2538 1312 2616 venerit,
1353 2524 1482 2601 hoc
1537 2536 1639 2599 vel
1694 2536 1857 2599 illud
1905 2543 2352 2619 argumentum
2403 2538 2517 2601 de-

316 2638 620 2706 texere.¹⁸
712 2639 886 2705 Haec
931 2658 1088 2704 sane
1143 2641 1399 2705 lubrica
1449 2644 1568 2704 est.
1597 2637 1949 2722 judicandi
2005 2638 2199 2716 ratio,
2254 2657 2344 2703 ex
2386 2658 2520 2723 qua

315 2743 523 2807 etiam
581 2759 666 2805 ea
722 2740 962 2823 cuique
1010 2738 1315 2823 scriptori
1370 2739 1752 2805 subtrahere
1816 2741 2033 2816 liceat,
2091 2759 2246 2824 quae
2299 2745 2515 2805 tamen

313 2844 594 2929 propria
642 2842 790 2924 ejus
846 2844 1000 2920 sint,
1060 2842 1433 2931 neminique
1479 2843 1831 2926 antiquiori
1888 2842 2262 2906 debeantur.
2378 2843 2521 2908 Isto

312 2946 518 3011 modo
563 2946 714 3028 quis
757 2944 1125 3027 prohibeat,
1186 2946 1539 3028 quominus
1593 2945 1917 3023 dicamus,
1997 2950 2061 3008 et
2130 2945 2177 3009 J
2179 2946 2517 3010 uvenalem

312 3046 564 3113 Persio
605 3046 811 3112 multa
856 3038 1267 3129 sublegisse:
1337 3065 1493 3111 nam
1551 3047 1609 3111 is
1663 3067 1927 3131 quoque
1976 3047 2210 3112 eodem
2260 3045 2521 3111 dicendi

313 3168 558 3234 genere
582 3150 841 3233 passim
869 3150 1092 3227 utitur,
1125 3169 1258 3233 quo
1301 3147 1572 3214 Persius
1600 3168 1766 3213 usus
1794 3156 1919 3229 est,
1962 3156 2032 3214 et
2072 3149 2304 3214 eadem
2335 3168 2523 3231 argu-

310 3257 545 3318 menta
563 3256 822 3329 tractat,
841 3271 996 3335 quae
1020 3252 1109 3315 ab
1139 3252 1258 3316 illo
1274 3256 1555 3317 stactata
1583 3258 1755 3317 sunt.
1814 3252 1896 3317 In
1924 3254 2117 3316 rebus
2142 3246 2519 3337 hujusmodi

313 3353 774 3439 dijudicandis
802 3372 1059 3437 semper
1089 3359 1238 3417 ante
1266 3353 1500 3418 oculos
1527 3354 1767 3417 habere
1792 3354 2130 3430 debemus,
2166 3352 2306 3416 fieri
2330 3356 2523 3434 potu-

311 3457 479 3536 isse,
498 3460 575 3521 ut
599 3456 956 3553 scriptores
974 3455 1202 3520 eodem
1230 3475 1531 3521 sermone
1557 3456 1666 3519 usi
1693 3460 1759 3519 et
1782 3476 1987 3539 neque
2013 3461 2382 3536 temporum
2405 3470 2519 3515 ne-

1315 3622 1533 3675 NOTA-2

379 3741 447 3787 18
481 3735 686 3786 Auctor
717 3736 1082 3800 disputationis
1113 3735 1384 3786 Germani·
1462 3732 1739 3783 secundam
1757 3745 1850 3795 per
1872 3728 2039 3794 Epist.
2064 3742 2102 3778 ι.
2125 3733 2205 3777 17.
2229 3733 2310 3778 67.
2334 3735 2389 3778 et
2410 3729 2522 3779 Sat.

317 3830 399 3865 τε
423 3814 491 3863 de
529 3813 598 3863 A.
621 3813 804 3862 Persio
826 3811 904 3877 (in
939 3814 1252 3863 charactere
1287 3812 1383 3860 der
1464 3822 1528 3857 ιι.
1550 3812 1598 3857 8.
1623 3810 1929 3865 281—295.;
1965 3806 2028 3854 ad
2066 3811 2301 3869 quartam
2337 3806 2521 3856 saltem

315 3889 685 3939 voruehrnsten
707 3889 931 3939 Dichter
951 3888 1078 3937 aller
1099 3887 1380 3936 Nationen.
1461 3897 1530 3933 ex
1551 3890 1702 3947 parte
1737 3897 1830 3946 per
1863 3883 2031 3946 Epist.
2066 3897 2104 3932 1.
2131 3886 2240 3942 16.;
2275 3882 2342 3930 ad
2379 3882 2524 3947 quin-

318 3962 575 4015 Sechsten
593 3964 801 4013 Bandes
822 3970 989 4012 ersten
1004 3961 1186 4011 St‘uck.
1211 3976 1261 4024 p.
1278 3960 1382 4023 87.)
1463 3969 1570 4009 tam
1606 3973 1701 4024 per
1738 3960 1847 4008 Sat.
1872 3973 1932 4008 ιι.
1956 3963 2005 4007 7.
2071 3959 2233 4007 Plura
2262 3958 2418 4007 etiam
2456 3972 2523 4006 ex

319 4041 603 4102 existimat,
646 4039 713 4088 ad
757 4041 972 4103 primam
1009 4038 1218 4086 satiram
1259 4036 1382 4085 scri·
1461 4042 1612 4085 sexta
1631 4035 1792 4086 satira
1814 4035 1879 4084 ad
1919 4036 2086 4099 Epist.
2109 4050 2149 4085 ι.
2172 4039 2220 4084 2.
2245 4036 2521 4085 145—198.

319 4118 541 4168 bendum
564 4117 801 4167 Persium
834 4114 1116 4163 adductum
1150 4126 1264 4161 esse
1290 4126 1383 4175 per
1459 4111 1682 4163 formata
1703 4126 1817 4163 esse
1841 4118 2007 4177 putat.

325 4194 512 4246 Horat.
534 4194 707 4259 Epist.
726 4206 766 4243 ι.
787 4195 898 4251 19.;
923 4204 984 4239 ιι.
1007 4193 1088 4239 91.
1107 4204 1282 4254 seqq.;
1313 4188 1376 4238 ad

450 4273 627 4339 velpa
648 4277 698 4323 et
727 4272 841 4324 Ver.
866 4272 993 4321 Clas.
1381 4268 1520 4319 Pers.
2349 4263 2396 4311 B
