3050 4913
1295 351 1572 407 sA'mRA
1606 352 1678 447 r,

2458 342 2589 413 119

370 488 746 573 Socration,
776 492 1079 574 Cornute,
1109 494 1279 563 sinu.
1365 497 1559 562 Tunc
1587 496 1811 564 fallere
1839 496 2046 564 solers

371 590 714 677 Apposita
742 598 1018 662 intortos
1047 598 1331 663 ostendit
1354 599 1578 680 regula
1604 619 1864 680 mores:

368 693 459 757 Et
488 698 802 779 premitur
830 701 1083 765 ratione
1108 703 1391 778 animuS,
1424 703 1734 787 vincique
1761 704 2060 786 laborat3

366 896 552 945 mollem
574 904 763 949 etatem
784 902 1012 965 excepisti
1042 905 1222 965 gremio
1255 903 1515 954 Socraticm
1588 905 1717 954 stne
1751 912 1913 954 noi-ma
1932 906 2146 968 decipere
2163 905 2321 968 perita
2341 904 2462 955 mihi
2496 905 2580 955 ud-

363 959 517 1010 nabun
528 977 703 1025 prat-os
722 981 869 1015 πων-ιε
889 971 1137 1025 emendat:
1169 973 1215 1017 et
1233 970 1419 1018 animus
1432 972 1653 1019 domatur
1683 971 1882 1033 ratione,
1915 975 1963 1019 et
1993 986 2123 1033 αρε
2133 969 2241 1030 fert
2261 971 2495 1035 superari,
2530 976 2581 1021 et

1295 1098 1470 1118 000000

1475 1099 1649 1119 ‘‘‘‘‘

364 1190 519 1251 tatio,
539 1192 604 1240 ad
629 1199 680 1241 te
698 1196 980 1258 segregavi.
1009 1197 1271 1246 Cambon-
1309 1196 1458 1245 Posui
1474 1195 1668 1246 0.--87
1691 1195 1971 1256 tunsauere
1987 1196 2090 1245 Ms.
2111 1196 2174 1244 R.
2210 1195 2449 1254 tasallere
2471 1196 2575 1247 Mn.

366 1252 620 1306 Oak—38
642 1260 746 1306 Pro
769 1261 990 1324 ostendit,
1008 1262 1298 1312 casaubon.
1325 1261 1451 1324 legit
1473 1262 1707 1327 extendit,
1724 1268 1780 1312 et
1805 1262 1908 1312 Ms.
1927 1263 1989 1311 R.
2009 1267 2066 1311 et.
2089 1260 2284 1310 0.-40
2309 1261 2389 1309 Ex
2406 1260 2579 1312 verbis

1360 1393 1407 1441 N
1415 1390 1572 1441 0¹1·AE

427 1468 492 1514 3⁷
528 1467 743 1533 Suscipis
763 1471 1001 1524 Socratico
1027 1474 1159 1538 siau]
1246 1472 1426 1523 Admi-

1505 1472 1658 1538 Arte,
1709 1473 1725 1501 ‘
1753 1472 2059 1537 Decipimur
2082 1470 2259 1535 specie
2283 1469 2448 1520 recti!
2503 1470 2577 1520 Et

360 1540 475 1591 sisti
499 1557 581 1592 me
606 1545 657 1594 in
684 1553 822 1597 tuam
858 1549 1201 1614 disciplinam,
1237 1549 1430 1601 Morali
1500 1547 1742 1599 Juvenal.
1765 1550 1876 1600 Sat.
1902 1562 2020 1599 xiv.
2075 1548 2260 1597 ‘Fallit
2291 1547 2427 1596 enim
2459 1546 2576 1597 viti-

359 1619 697 1685 Philosophia
734 1634 791 1677 et
827 1628 1020 1678 Stoicis
1057 1630 1313 1694 dogmatis
1338 1629 1428 1677 im-

361 1696 655 1761 buendum:
730 1718 812 1753 me
856 1719 980 1754 vero
1024 1705 1281 1769 excepisti
1325 1719 1426 1754 non

356 1773 532 1824 studio
553 1779 715 1828 solum
738 1785 977 1844 paterno,
1016 1782 1106 1831 sed
1142 1781 1289 1845 quasi
1323 1796 1425 1831 nia·

358 1866 511 1909 terno
536 1857 730 1908 affectu
767 1857 1103 1907 abblandiens
1134 1872 1196 1907 ac
1229 1857 1425 1907 demul-

357 1950 500 1987 cens.
555 1937 689 1985 Sunt
710 1941 768 1985 et
789 1934 878 1999 qui
901 1935 1325 1998 interpretentur,
1348 1935 1421 1983 in·

356 2012 607 2075 tegi-itate
629 2011 896 2060 Socratica
916 2017 972 2060 et
993 2012 1274 2062 sanctitate
1296 2012 1421 2061 edu-

351 2087 579 2138 candum
603 2104 616 2136 :
651 2091 749 2137 nec
773 2086 980 2137 omnino
1001 2088 1261 2152 displicet.
1314 2089 1420 2139 Cur

352 2171 529 2214 autem
544 2164 864 2215 Socraticam
881 2168 1036 2214 vocat
1051 2164 1262 2213 Persius
1279 2165 1419 2215 Stoae

351 2241 612 2292 scholam?
649 2241 927 2303 Nimirum,
947 2240 1179 2290 Socratis
1195 2241 1421 2304 discipu·

349 2318 433 2367 lus
454 2318 797 2369 Antisthenes
828 2318 1119 2383 Diogenem
1155 2318 1414 2368 instituit:

348 2393 488 2444 hunc
512 2396 694 2447 Crates
727 2394 1004 2445 Thebanus
1038 2393 1253 2444 audivit.
1312 2396 1415 2445 Hic

349 2472 558 2524 demum
578 2471 791 2523 edocuit
808 2471 1072 2528 Zenonem
1092 2472 1278 2522 schola:
1299 2473 1415 2523 Sto·

345 2548 450 2600 ica:
495 2548 838 2599 conditorem.
904 2548 1168 2598 Plutarch.
1238 2549 1412 2599 baert.

346 2623 461 2676 Cic.
523 2625 675 2675 Unde
703 2625 907 2676 Socrati
938 2640 1042 2675 non
1064 2625 1156 2674 abs
1181 2639 1236 2675 re
1257 2626 1415 2676 tribu-

341 2708 522 2766 untur,
542 2718 657 2767 quae
679 2703 745 2753 ab
768 2717 832 2752 eo
853 2703 996 2753 velut
1017 2718 1048 2753 a
1069 2702 1236 2766 primo
1269 2701 1413 2753 fonte

346 2777 646 2844 profluxere
684 2779 945 2830 instituta.
1010 2779 1146 2829 Vide
1182 2779 1293 2830 Sat.
1324 2793 1412 2829 ur.

346 2870 422 2906 vs.
445 2861 492 2905 l.
517 2863 573 2906 et
594 2855 717 2907 ibid.
739 2855 934 2906 Annot.

412 2933 724 2995 fiac-sallem
738 2932 1236 2997 ωῑεησρρωίλαΑτᾸ
1256 2932 1411 2983 Hunc

340 3009 511 3062 locum
548 3009 690 3060 varie
724 3009 855 3059 varii
888 3008 1203 3074 intelligunt,
1238 3015 1295 3059 et
1316 3024 1408 3060 suo

340 3085 560 3151 quisque
599 3086 773 3136 sensui
809 3085 1217 3137 accommodant.
1282 3085 1409 3150 Alii,

338 3178 470 3229 quos
491 3164 630 3214 inter
650 3163 1000 3224 Casanhonna,
1013 3162 1091 3212 sic
1112 3162 1407 3227 explicant:

340 3247 401 3288 tn
438 3237 624 3292 frande
646 3238 857 3289 innoxia
884 3253 967 3288 me
998 3238 1403 3287 circumveniens

332 3316 570 3371 suaviter
600 3317 667 3366 ad
708 3322 906 3366 rectum
942 3313 1152 3377 flexisti,
1182 3315 1404 3365 solerter

335 3401 394 3446 et
414 3394 603 3444 sensim
623 3394 698 3444 ita
726 3393 938 3444 domans
961 3407 1145 3456 pravas
1174 3389 1404 3442 affectio·

332 3483 448 3533 nea,
465 3478 525 3520 nt
547 3485 693 3521 nova:
710 3468 993 3533 disciplinae
1009 3469 1284 3520 austeritas
1300 3481 1401 3517 non

334 3544 629 3602 offenderet
650 3552 740 3597 aut
761 3547 1072 3597 deterreret.
1138 3545 1244 3595 Alii
1279 3559 1401 3609 pue-

334 3623 486 3676 rilem
508 3629 699 3673 vocant
729 3623 862 3673 hanc
893 3622 1399 3687 interpretationem,

334 3705 391 3750 et
409 3700 482 3751 sic
505 3700 674 3750 Persii
693 3711 845 3752 voees
871 3706 1058 3764 aptant
1090 3706 1146 3749 et
1166 3714 1395 3751 sensnm:

338 3776 469 3827 Ἆσισ
488 3778 655 3839 regula
688 3777 923 3841 αρροσίἐα,
941 3777 1103 3840 solers,
1122 3775 1176 3828 id
1198 3783 1298 3838 est,
1321 3791 1401 3828 os-

332 3851 570 3915 tendens,
591 3867 742 3902 mres
762 3854 981 3902 mortu
1002 3851 1197 3914 fallere,
1224 3853 1275 3902 id
1300 3861 1400 3916 est,

326 3941 544 3990 errat-e:
579 3930 813 3992 extendit,
836 3928 892 3979 id
917 3935 1017 3993 est,
1039 3927 1289 3979 reformat
1310 3944 1400 3979 eos

324 4020 391 4059 ac
412 4005 643 4069 corrigit.
710 4004 819 4055 Alii
853 4012 1044 4070 putant
1072 4006 1289 4055 allusnm
1328 4006 1394 4057 ad

327 4080 658 4136 intervallum
683 4082 824 4148 quod
858 4098 996 4147 saepe
1035 4084 1277 4147 exiguum
1316 4090 1398 4134 est

324 4156 574 4212 virtutem
621 4158 760 4210 inter
804 4173 869 4218 ac
914 4158 1114 4219 vitium,
1157 4159 1397 4225 quodque

322 4239 608 4305 propterea
646 4234 800 4286 fallit.
891 4236 1046 4292 Unde
1099 4237 1288 4298 lieret.
1339 4236 1395 4292 in

1503 1642 1591 1676 um
1622 1627 1796 1692 specie
1818 1626 2027 1677 virtutis
2048 1631 2102 1676 et
2121 1624 2336 1674 umbra!
2395 1623 2575 1676 Prima

1503 1704 1711 1769 quidem
1747 1705 2010 1755 sententia
2053 1703 2288 1754 acutior:
2347 1700 2575 1753 secunda

1506 1779 1561 1830 in
1586 1782 1888 1846 quibusdam
1913 1782 2111 1845 durior,
2149 1786 2207 1829 ut
2236 1795 2373 1840 cum,
2410 1781 2574 1842 solers,

1504 1857 1753 1920 explicat,
1777 1856 2071 1919 ostendens,
2094 1859 2192 1905 διο.
2224 1855 2409 1904 Tertia
2431 1854 2574 1904 vide-

1504 1939 1591 1983 tur
1609 1933 1677 1984 ad
1691 1934 1895 1983 solitum
1915 1932 2086 1982 Persii
2103 1931 2347 1997 loquendi
2366 1931 2573 1980 modum

1503 2011 1656 2073 paulo
1732 2009 2056 2060 audaciorem
2116 2007 2571 2060 accommodatior.

1502 2086 1671 2140 Nobis
1693 2101 1870 2138 sensus
1890 2084 1975 2137 hic
1999 2086 2120 2148 erit,
2151 2092 2206 2135 et
2228 2085 2355 2136 ordo
2384 2085 2570 2137 verho-

1498 2180 1642 2216 rum:
1693 2171 1807 2215 tuno
1835 2166 2002 2228 reg-ula
2035 2164 2179 2213 solers
2205 2179 2356 2213 :nores
2375 2162 2571 2228 saltere,

1496 2244 1713 2308 appositu
1733 2243 1948 2293 mendic
1967 2242 2186 2291 intortos.
2222 2240 2286 2289 Id
2309 2245 2409 2303 est,
2434 2255 2566 2304 prm-

1496 2327 1657 2383 cepta
1677 2334 1873 2370 morum
1899 2318 2057 2367 falsas
2089 2317 2337 2368 virtutum
2367 2316 2570 2381 species

1496 2395 1619 2444 mihi
1642 2394 1954 2460 detegendo,
1987 2394 2278 2443 docuerunt
2307 2407 2390 2441 me
2413 2406 2564 2443 omne

1496 2475 1680 2524 vitium
1706 2474 1963 2524 declinare
1984 2489 1999 2532 ;
2049 2477 2106 2521 et
2125 2470 2380 2519 sinceram
2399 2470 2566 2520 virtu-

1497 2559 1604 2602 tem
1628 2551 1791 2617 sequi.
1859 2550 2046 2615 Itaque
2081 2547 2280 2596 intortos
2310 2560 2458 2595 mores
2483 2560 2568 2596 ex·

1492 2632 1699 2693 tendere,
1737 2626 1997 2692 significat
2043 2631 2242 2676 rectum
2294 2622 2349 2672 id
2385 2621 2564 2674 facere

1493 2705 1630 2771 quod
1656 2718 1870 2755 curvum
1908 2708 2038 2766 erat,
2073 2701 2228 2752 ducta
2259 2700 2565 2764 metaphora

1494 2797 1525 2831 a
1547 2780 1831 2831 fabrilibus.

1464 2893 1467 2894 ν
1557 2865 1622 2911 39
1647 2861 1716 2910 Et
1733 2860 1972 2924 premitur
1986 2858 2169 2908 ratione
2189 2855 2396 2919 ωιὶυιιιο]
2416 2855 2558 2907 Jam-

1491 2952 1594 3002 que
1639 2937 1734 2987 sub
1781 2943 1873 2990 tua
1925 2935 2203 2999 disciplina
2263 2932 2559 2997 proficiens,

1489 3013 1649 3063 animi
1671 3018 1840 3062 motus
1862 3011 2107 3062 coiircere
2128 3010 2306 3070 didici,
2329 3016 2384 3059 et
2407 3010 2562 3059 ratio-

1487 3090 1567 3140 nis
1584 3090 1729 3155 sequi
1751 3088 2024 3153 imperium
2048 3086 2213 3150 coegi.
2255 3087 2393 3136 Sicut
2415 3099 2560 3150 equas

1484 3185 1515 3220 a
1533 3180 1707 3219 sem
1724 3159 1960 3227 domatur,
1974 3163 2145 3229 iuquit
2165 3163 2337 3224 Plato,
2359 3164 2433 3211 ita
2452 3161 2559 3211 ani-

1481 3258 1588 3294 nus
1615 3241 1815 3291 ratione.
1881 3241 1990 3290 Per
2026 3239 2248 3290 animum
2281 3238 2455 3302 itaque
2489 3250 2555 3288 ne

1482 3325 1710 3371 mentem
1746 3318 1999 3381 intellige,
2030 3333 2122 3367 seu
2162 3321 2365 3380 partem
2398 3302 2572 3363 animi'

1482 3396 1823 3461 superiorem,
1877 3393 1970 3444 sed
2024 3392 2198 3459 potius
2256 3391 2555 3442 inferiorem

1483 3487 1603 3538 quae
1638 3485 1822 3535 expers
1854 3478 1937 3521 est
1969 3469 2201 3532 rationis,
2235 3476 2553 3532 vocaturque

1484 3547 1766 3613 appetitus.
1808 3546 1949 3597 Tull.
1993 3542 2150 3596 Offic.
2185 3558 2224 3593 1.
2259 3558 2400 3593 num.
2435 3546 2552 3594 100.

1481 3627 1497 3655 ‘
1527 3627 1743 3690 Duplex
1765 3631 1849 3674 est
1869 3623 1946 3672 vis
1964 3622 2246 3674 animorum
2284 3628 2443 3686 atque
2465 3636 2554 3672 na-

1480 3708 1628 3753 turae.
1693 3702 1814 3750 Una
1859 3714 1976 3764 para
2008 3699 2063 3750 in
2101 3697 2342 3764 appetitu
2380 3697 2551 3762 posita

1478 3786 1578 3841 est,
1604 3792 1717 3841 quae
1739 3783 1837 3839 est,
1872 3775 2007 3840 ὁρμὴ,
2040 3775 2259 3836 Graece3
2312 3789 2428 3840 quae
2457 3775 2549 3826 ho·

1480 3854 1671 3910 minem
1704 3853 1805 3903 huc
1839 3859 1894 3903 et
1929 3852 2053 3904 illuc
2076 3850 2251 3916 rapit:
2307 3852 2472 3902 altera
2495 3852 2578 3910 in=

1482 3932 1696 3993 ratione,
1716 3945 1831 3995 quae
1866 3930 2026 3981 docet
2062 3933 2118 3978 et
2151 3928 2399 3992 explanat
2422 3927 2548 3994 quid

1476 4007 1773 4059 faciendum
1795 4005 2196 4073 fugiendumque
2220 4006 2302 4056 sit.
2369 4005 2456 4056 lta
2486 4003 2548 4073 tit

1475 4091 1535 4136 ut
1558 4086 1690 4136 ratio
1707 4084 1906 4150 praesit,
1921 4083 2186 4148 appetitus
2208 4096 2332 4132 vero
2348 4081 2546 4135 obtem·

1474 4160 1660 4225 peret-²
1719 4160 1851 4211 Hor.
1889 4159 2057 4225 Epist.
2097 4173 2134 4209 1.
2156 4164 2207 4209 2.
2262 4156 2545 4210 ‘Animum

1473 4253 1619 4305 rege,
1639 4237 1732 4306 qui
1753 4237 1852 4288 nisi
1885 4243 2057 4303 paret,
2092 4234 2357 4302 Imperat:
2405 4235 2543 4300 hune
