3050 4913
801 357 1159 422 moninus,
1211 358 1303 409 ιιί·
1349 359 1756 410 semesum
1804 351 2129 408 cauma.
2473 341 2563 406 13

365 504 724 570 miscuerit:
769 502 889 567 sed
916 503 983 567 in
1011 503 1165 586 ipsa
1184 502 1416 567 ironiae
1437 508 1670 567 natura
1690 503 1885 568 situm
1904 503 2031 568 boc
2051 521 2199 567 esse
2219 500 2558 579 existimo,

364 613 439 672 ut
482 606 626 691 ejus
677 606 785 669 vis
830 609 971 669 tum
1015 603 1368 689 praecipua
1412 604 1521 681 sit,
1582 624 1734 669 cum
1782 606 1975 687 quasi
2027 603 2275 686 ambigi
2320 603 2565 688 possit,

363 713 587 773 utrum
614 708 787 771 serio
814 707 1064 782 dictum
1090 705 1204 782 sit,
1232 726 1360 770 nec
1382 724 1489 782 ne,
1518 704 1587 768 id
1617 706 1797 788 quod
1825 712 1960 769 tum
1984 706 2276 769 maxime
2298 704 2561 770 accidat

361 827 633 874 necesse
670 807 795 885 est,
821 827 973 871 cum
1001 807 1113 886 iis,
1144 826 1294 889 quae
1323 805 1478 871 ficta
1519 811 1734 870 mente
1757 805 1936 870 dicta
1964 807 2117 882 sint,
2163 806 2335 869 serio
2363 806 2561 871 dictis

364 911 678 977 distincta
702 908 1069 974 videamus.
1157 906 1411 971 Verum
1456 906 1584 970 bac
1617 906 2034 990 exquisitiori
2068 907 2300 971 ironioe
2329 926 2561 988 genere

362 1031 692 1096 nunquam
720 1011 929 1076 utitur
958 1010 1229 1088 Noster,
1268 1028 1659 1093 semperque
1688 1010 1822 1073 fere
1848 1028 1986 1072 rem
2018 1008 2121 1072 vel
2147 1007 2319 1072 adeo
2348 1008 2563 1094 deprie

362 1113 485 1177 mit
503 1114 612 1177 vel
638 1118 1015 1195 exaggerat,
1043 1119 1120 1176 ut
1147 1113 1254 1177 vel
1278 1110 1772 1195 stupidissimus
1790 1116 2078 1177 mentem
2095 1129 2319 1175 veram
2343 1113 2563 1195 possit

362 1213 680 1280 divinare.
767 1212 952 1276 Raro
980 1214 1175 1295 igitur
1222 1213 1291 1275 in
1328 1212 1455 1276 hoc
1498 1230 1731 1294 genere
1778 1212 2035 1296 pungit,
2088 1218 2208 1277 aut
2234 1214 2561 1280 'aculeum

362 1315 495 1379 alte
537 1315 608 1379 in
637 1314 928 1379 animum
959 1314 1265 1392 demittit,
1308 1313 1427 1378 sed
1466 1313 1538 1377 id
1564 1319 1817 1379 tantum
1841 1311 2063 1391 efficit,
2109 1319 2187 1379 ut
2210 1333 2317 1378 res
2341 1314 2561 1394 studio

364 1415 731 1481 deformata
756 1422 825 1479 et
849 1415 1127 1481 distorta
1160 1417 1362 1480 risum
1388 1420 1673 1480 moveat.
2236 1481 2241 1486 ,

445 1516 495 1581 J
499 1536 610 1582 am
629 1518 712 1582 de
741 1516 999 1581 dicendi
1028 1536 1281 1600 genere,
1326 1536 1457 1600 quo
1486 1515 1759 1581 Persius
1786 1535 1946 1581 usus
1967 1524 2093 1598 est,
2122 1536 2343 1601 pauca
2370 1519 2557 1585 dica-

361 1637 536 1683 muS.
623 1617 908 1683 Nonest
934 1618 1101 1682 illud
1126 1619 1425 1694 hilarum,
1446 1616 1781 1701 jocosum,
1827 1617 2139 1697 facetum,
2179 1626 2247 1684 et
2293 1622 2556 1687 urbani-

363 1725 503 1784 tate
559 1718 944 1802 sdibusque
1006 1724 1483 1804 temperatum,
1517 1738 1653 1801 quo
1703 1718 2026 1784 Horatius
2073 1722 2349 1787 lectores
2415 1728 2561 1788 tan-

362 1826 590 1903 topere
635 1819 882 1889 detinet
922 1838 1006 1885 ac
1054 1820 1356 1897 delectat,
1402 1800 1519 1885 sed
1566 1821 1745 1885 triste
1797 1822 2199 1906 plerumque,
2253 1843 2565 1896 severum

347 1921 672 1998 mordax,
711 1922 1073 1986 acerbitate
1102 1927 1172 1986 et
1207 1922 1565 1987 acrimonia
1601 1924 1889 2006 plenum.
1997 1924 2152 1989 Non
2196 1925 2364 1989 ridet
2401 1926 2560 1994 stul·

362 2023 600 2100 titiam,
622 2021 742 2087 sed
761 2023 1020 2106 flagello
1042 2024 1337 2107 increpat
1361 2007 1525 2087 vitia
1546 2031 1613 2088 et
1642 2024 2129 2108 turpitudinem.
2218 2024 2560 2107 Ingenium

287 2113 298 2120 “
359 2130 597 2189 nactus
622 2124 852 2194 forsan
889 2131 1125 2190 natura
1166 2125 1441 2210 tristius,
1471 2125 1969 2211 modestiaeque
1997 2145 2040 2190 a
2072 2128 2508 2210 parentibus
2487 2149 2565 2194 ιιι

361 2225 719 2292 solitudine
737 2246 930 2311 paene
959 2226 1303 2305 educatus,
1335 2203 1621 2291 Romam
1640 2228 1908 2311 quidem
1930 2228 2048 2294 sed
2073 2228 2159 2292 ad
2186 2231 2562 2312 grammati-

363 2347 485 2392 cos
547 2333 615 2392 et
667 2327 956 2394 rhetores
1007 2328 1261 2394 delatus
1304 2335 1426 2407 est,
1478 2328 1712 2394 deinde
1749 2331 1815 2394 in
1845 2329 2262 2413 disciplinam
2286 2330 2562 2398 Cornuti

361 2429 566 2496 venit.
681 2429 820 2495 Hic
859 2450 1214 2514 generosus
1242 2429 1355 2495 ille
1384 2429 1646 2495 animus
1683 2430 1962 2515 juvenili
2008 2429 2244 2495 ardore
2297 2431 2561 2499 Stoico-

363 2552 508 2619 rum
557 2537 898 2617 praecepta
964 2534 1285 2617 arripiens
1348 2553 1387 2597 e
1457 2533 1900 2618 pxaeceptoris
1967 2533 2401 2612 sermonibus,
2450 2554 2559 2599 res

359 2632 701 2711 humanas,
728 2652 865 2697 non
900 2638 975 2698 ut
1001 2634 1153 2710 sint,
1193 2634 1311 2698 sed
1339 2639 1413 2699 ut
1436 2653 1584 2705 esse
1612 2633 1915 2709 debeant,
1947 2634 2291 2715 cognovit3
2335 2639 2555 2718 atque,

360 2739 433 2798 ut
458 2734 694 2813 solent,
723 2736 836 2818 qui
864 2735 1202 2800 erectioris
1248 2739 1317 2800 et
1363 2735 1750 2809 ardentioris
1798 2733 2040 2816 ingenii
2077 2740 2250 2811 sunt,
2280 2733 2557 2808 formam

359 2842 428 2900 et
455 2836 803 2918 imaginem
830 2836 1095 2903 illarum
1143 2843 1355 2902 mente
1401 2838 1731 2920 concepit,
1763 2835 1852 2902 ad
1898 2855 2101 2920 quam
2147 2834 2386 2905 deinde
2416 2855 2558 2900 om-

359 2936 499 3014 nia,
525 2955 678 3019 quae
711 2936 1007 3001 audisset
1034 2936 1420 3014 vidissetve,
1449 2938 1783 3020 exigebat.
1874 2937 2052 3015 Quae
2084 2957 2236 3013 cum
2261 2936 2559 3011 animad-⁴

359 3038 666 3102 vertisset
695 3039 782 3103 ab
813 3038 928 3103 illa
953 3057 1184 3103 norma
1205 3039 1464 3122 longius
1482 3040 1803 3116 aberrare,
1821 3058 2033 3122 eaque
2052 3058 2235 3122 saepe
2252 3038 2558 3115 derideri,

359 3159 516 3224 quae
545 3140 678 3205 sibi
705 3147 898 3205 extra
919 3160 1180 3205 omnem
1220 3139 1652 3205 dubitationis
1696 3140 1910 3206 aleam
1941 3140 2165 3222 posita
2195 3158 2345 3204 esse
2379 3138 2558 3204 vide-

357 3246 603 3316 rentur,
632 3243 820 3323 gravi
847 3241 1298 3323 indignatione
1344 3259 1667 3306 accensus
1710 3246 1833 3307 est.
1925 3240 2103 3306 Haec
2139 3239 2373 3304 deinde
2404 3260 2561 3315 cum,

357 3341 718 3425 premenda
766 3347 963 3420 esset,
1010 3342 1258 3425 vixque
1305 3346 1447 3407 tuto
1495 3342 1664 3406 inter
1719 3340 2270 3433 familiarissimos
2328 3346 2559 3423 posset

230 3487 256 3515 2
357 3442 634 3520 effundi,
680 3464 812 3507 non
850 3443 1064 3507 solum
1108 3443 1513 3507 vehementer
1557 3447 1758 3507 aucta
1804 3448 1928 3520 est,
1973 3461 2198 3505 verum
2244 3441 2448 3504 etiam
2486 3439 2555 3517 in

357 3544 786 3608 acerbitatem
814 3550 883 3609 et
912 3544 1344 3625 acrimoniam
1372 3544 1557 3608 abiit.
1590 3628 1593 3631 .
1649 3530 1824 3621 Quae
1855 3543 2181 3607 acerbitas
2213 3541 2554 3623 praecipue

357 3666 433 3709 se
489 3650 744 3711 exeruit
788 3647 854 3710 in
893 3648 1351 3710 sententiarum
1379 3644 2031 3732 conformationibus,
2056 3643 2121 3705 in
2153 3640 2362 3723 tropis
2390 3639 2558 3724 figu-

357 3746 575 3830 risque
603 3745 988 3830 deligendiS,
1017 3749 1088 3810 in
1115 3748 1354 3830 quibus
1398 3753 1692 3811 extrema
1739 3764 2020 3828 semper,
2050 3762 2201 3826 quae
2233 3743 2554 3807 sermonis

354 3849 524 3912 ratio
574 3848 970 3933 suppeditet,
1021 3849 1336 3932 sequitur,
1388 3867 1508 3912 nec
1555 3848 1758 3911 semel
1808 3846 1915 3911 vel
1960 3864 2216 3909 omnem
2263 3863 2456 3908 usum
2494 3848 2561 3907 et

356 3950 915 4027 consuetudinem,
941 3956 1014 4015 ut
1040 3952 1232 4015 nobis
1261 3949 1531 4033 quidem
1558 3948 1842 4024 videtur,
1872 3948 2129 4030 migrat,
2170 3950 2244 4009 ut
2270 3965 2372 4023 ea,
2404 3965 2556 4029 quae

354 4057 711 4136 proponat,
739 4052 1199 4135 indignationis
1228 4051 1652 4116 vehementiae
1679 4048 2135 4134 respondeant.
2580 4107 2590 4119 ,

443 4153 633 4228 Hinc
655 4173 891 4238 magna
916 4173 1002 4218 ex
1031 4158 1220 4237 parte
1262 4153 1442 4217 aliud
1489 4153 1723 4219 vitium
1766 4158 1978 4229 ortum
2014 4155 2135 4229 cst,
2168 4169 2299 4234 quo
2339 4147 2561 4228 Persii
