3050 4913
577 372 752 439 1216
1254 384 1397 433 nac
1411 383 1639 432 ansus
1690 384 2116 432 Rm'moNUM

656 527 690 559 ¹⁵
719 527 933 588 Lubini
962 544 1041 587 11.
1081 547 1131 587 s.
1161 524 1536 585 wecheliana
1579 530 1664 599 (n.
1694 527 1818 599 77.)
1865 526 1955 586 D.
1980 525 2160 586 Junii
2184 525 2493 588 Juvenalis
2534 529 2782 608 Satyra-

577 645 711 686 rum
754 625 933 684 Libri
972 640 1036 683 V.
1068 644 1154 691 ,ex
1198 622 1423 683 duobus
1468 624 1893 700 manuscriptis
1932 624 2359 702 exemplaribus
2398 633 2457 684 et
2497 629 2786 688 vetustiss.

578 724 981 801 manuscripto
1007 720 1429 780 Commentario
1448 720 1593 799 plus
1613 740 1784 798 quam
1805 719 2079 779 ducentis
2099 720 2244 780 locis
2265 725 2533 781 correcti.
2607 725 2787 783 Prae-

580 828 739 881 terea
783 820 865 879 A.
909 819 1109 878 Flacci
1154 818 1362 877 Persii
1410 816 1764 896 Satyrorum
1811 818 1962 883 liber
2006 838 2178 877 unm.
2267 819 2412 879 Cum
2454 819 2691 898 analysi
2732 827 2787 880 ct

580 916 933 977 doctissimis
959 915 1406 985 commentariis,
1438 917 1671 991 partim
1699 933 1858 973 nunc
1875 917 2157 992 primum,
2194 917 2424 992 partim
2451 916 2522 975 de
2549 919 2788 997 integro

579 1014 779 1084 editis,
816 1012 1104 1072 Eilkardi
1134 1010 1380 1070 Lubini.
1462 1008 1686 1090 Infinc
1713 1013 1955 1071 accessit
1982 1032 2177 1072 rerum
2204 1020 2262 1073 et
2289 1013 2586 1072 verborum
2613 1013 2790 1074 index

581 1112 952 1171 utilissimus.
1041 1108 1346 1179 Hanoviae,
1393 1109 1558 1188 typis
1607 1108 2009 1179 Wecltelianis,
2052 1109 2216 1188 apud
2257 1109 2567 1169 Claudium
2612 1112 2790 1171 Mar-

583 1209 748 1267 nium
773 1215 829 1265 et
859 1206 1115 1266 Itaeredes
1142 1204 1401 1265 ,loannis
1430 1206 1790 1266 Aubrii—4.
1827 1204 2003 1267 1603.

668 1303 929 1364 Lubinus
954 1303 1299 1364 Juvenalem
1326 1312 1388 1362 et
1427 1302 1500 1362 ad
1535 1301 1717 1363 fidem
1754 1303 2030 1363 codicum
2062 1305 2209 1363 Mss.
2240 1323 2562 1375 recensere,
2605 1315 2667 1365 et
2708 1306 2792 1366 in·

586 1401 890 1479 terpretari
931 1409 1176 1460 conatus
1204 1409 1318 1470 est,
1361 1400 1462 1459 sed
1494 1399 1688 1478 impar
1715 1400 1824 1460 fuit
1868 1401 2085 1459 talibus
2110 1400 2284 1460 ausis.
2367 1402 2524 1461 Raro
2564 1404 2794 1465 notavit

585 1498 920 1559 varietatem
948 1495 1232 1567 lectionis,
1276 1506 1337 1557 et
1365 1495 1545 1556 modo
1576 1496 1753 1567 hanc,
1798 1496 1977 1555 modo
2008 1496 2161 1555 illam
2205 1497 2599 1558 recensionem
2627 1520 2795 1579 supe-

582 1594 816 1665 riorem,
849 1595 1194 1671 plerumque
1217 1592 1529 1670 Stephani,
1561 1591 1818 1671 Gryphii
1847 1601 1909 1651 et
1930 1592 2258 1664 Pulmanni,
2288 1602 2522 1653 secutus
2542 1594 2794 1659 videtur.

590 1690 1061 1751 Commentarius
1102 1700 1301 1749 autem
1343 1689 1645 1766 speciosus
1674 1688 1888 1759 verbis,
1931 1709 1992 1747 re
2009 1689 2207 1748 inanis
2235 1697 2347 1761 est,
2390 1698 2451 1749 et
2479 1692 2792 1754 verbosum

584 1788 786 1867 prodit
827 1795 1191 1865 nugatorem,
1241 1787 1341 1866 qui
1368 1789 1648 1866 pleraque
1689 1806 1805 1845 non
1834 1788 2031 1858 semel,
2074 1784 2177 1846 sed
2220 1787 2308 1846 bis
2336 1797 2516 1858 terve,
2559 1790 2793 1850 mutatis

588 1887 780 1948 verbis
809 1886 1190 1965 παραφρᾶᾶει,
1234 1893 1296 1943 et
1323 1903 1529 1942 vanam
1570 1903 1729 1961 saepe
1758 1883 2122 1962 alienamque
2163 1893 2421 1944 ostentat
2446 1883 2795 1958 doctrinam,

589 2003 724 2062 quas
752 1983 936 2042 multa
973 1990 1100 2039 tum
1131 1981 1389 2040 obscura
1430 1999 1545 2039 non
1576 1980 1841 2051 illustrat,
1888 1990 2009 2040 tum
2038 1978 2176 2040 satis
2217 1981 2375 2040 clara
2400 1992 2461 2040 et
2489 1980 2798 2060 perspicua

588 2080 793 2140 alienis
838 2076 1156 2137 luminibus
1199 2077 1401 2137 affusis
1428 2076 1741 2136 obfuscat:
1786 2097 1967 2155 quare
1996 2078 2091 2136 vix
2130 2077 2268 2137 satis
2308 2077 2502 2137 mirari
2535 2098 2796 2157 possum,

589 2176 730 2254 quid
775 2194 972 2234 causae
1017 2172 1208 2245 fuerit,
1260 2172 1423 2253 quod
1470 2172 1820 2233 recentiores
1868 2174 2230 2250 interpretes,
2279 2173 2541 2245 Prateus,
2595 2175 2801 2235 Schre·

591 2272 794 2342 velius,
839 2270 1140 2341 Marshall,
1183 2270 1416 2348 aliique,
1459 2270 1618 2329 bunc
1646 2270 2130 2329 commentarium
2158 2269 2363 2329 ceteris
2391 2270 2562 2347 longe
2590 2271 2804 2348 proefe·

591 2367 859 2439 rendum,
902 2377 973 2427 et'
989 2369 1061 2426 ad
1094 2366 1337 2427 verbum
1369 2367 1486 2426 fere
1513 2367 1896 2447 repetendum
1926 2375 2029 2427 aut
2069 2366 2241 2427 unice
2270 2366 2629 2444 sequendum
2660 2386 2802 2426 cen·

593 2467 836 2526 suerint.
918 2465 1128 2544 Neque
1159 2485 1353 2525 meum
1393 2464 1567 2524 modo
1596 2465 1708 2523 boc
1743 2463 2039 2539 judicium
2069 2472 2179 2535 est,
2219 2463 2323 2522 sed
2355 2463 2628 2523 Henninii
2655 2484 2804 2542 quo·

593 2584 730 2643 que,
773 2562 874 2642 qui
917 2562 1058 2622 illud
1107 2562 1195 2622 bis
1238 2561 1424 2621 verbis
1465 2559 1634 2621 tulit:
1695 2570 1710 2595 ‘
1737 2562 2001 2621 Lubinus
2040 2561 2195 2621 inter
2234 2561 2577 2638 interpretes
2616 2561 2802 2622 nostri

589 2667 786 2740 po'etae
825 2661 1002 2739 vulgo
1044 2659 1454 2719 celeberrimus
1497 2668 1622 2718 est:
1668 2655 1772 2716 sed
1811 2658 1964 2717 enim
2003 2657 2435 2735 loquacissimae
2480 2657 2593 2716 illae
2631 2676 2805 2735 para·

590 2758 833 2836 phrases
876 2757 973 2816 cui
1016 2757 1190 2826 bone,
1233 2756 1343 2814 nisi
1384 2755 1626 2815 terendo
1666 2756 1827 2833 apud
1871 2755 2115 2814 citratos
2154 2754 2323 2814 otio'l
2370 2752 2804 2828 Indulgendum

592 2863 786 2912 tamen
815 2852 927 2912 fuit
955 2852 1315 2931 bibliopolae,
1346 2850 1655 2910 affirmanti
1685 2851 2011 2911 avidissime
2040 2849 2240 2929 expeti
2270 2849 2486 2909 Lubini
2514 2868 2808 2910 commen·

592 2948 755 3021 turia,
800 2966 977 3027 quare
1007 2948 1167 3007 vides
1196 2968 1287 3006 me
1331 2946 1648 3025 saepissime
1678 2945 1969 3005 Lubinum
2000 2944 2330 3004 adduxisse.
2417 2944 2664 3004 Videtur
2691 2947 2808 3006 Lu-

594 3044 765 3105 binus
807 3065 939 3104 suas
971 3044 1299 3123 Ecphrases
1337 3044 1396 3104 in
1430 3044 1839 3105 Rostocbiensi
1871 3042 2213 3112 Academia,
2260 3041 2361 3100 ubi
2389 3041 2690 3119 professus
2717 3051 2809 3103 est

592 3140 963 3201 humaniores
992 3141 1207 3211 literas,
1238 3140 1525 3200 Studiosis
1546 3139 1603 3198 in
1634 3139 1866 3198 Scholis
1896 3139 2135 3217 privatis
2159 3140 2407 3217 primum
2440 3139 2805 3218 praelegisse:

596 3237 752 3297 unde
789 3236 937 3297 adeo
982 3247 1309 3315 turgescere
1349 3240 1438 3295 καὶ
1477 3241 1851 3310 ταντολογεῖν
1899 3235 2190 3294 didicere:
2234 3235 2314 3294 ibi
2346 3255 2602 3314 namque
2643 3235 2805 3296 istud

594 3331 719 3393 fieri
746 3344 927 3393 amat.
1013 3333 1324 3411 Inscripsit
1356 3334 1532 3393 Justo
1560 3344 1619 3392 et
1658 3333 1871 3393 Joanni
1903 3332 2258 3402 Bredovicis,
2306 3333 2619 3411 Equitibus
2649 3334 2812 3392 Mar-

595 3429 804 3503 chicis,
849 3451 1017 3490 suum
1065 3415 1576 3507 laborem,⁰seque
1625 3428 1843 3489 fatetur
1885 3448 2052 3487 usum
2097 3427 2323 3488 duobus
2368 3428 2605 3505 optimae
2648 3439 2807 3489 notae
2926 3489 2929 3492 Α

598 3528 754 3588 Mss.
784 3526 1236 3606 exemplaribus,
1279 3526 1334 3583 in
1380 3545 1630 3603 quorum
1674 3526 1858 3585 altero
1900 3526 1957 3584 in
1989 3524 2325 3584 membrana
2366 3525 2653 3601 ascriptus
2682 3534 2812 3586 erat

601 3623 1058 3683 Commentarius
1092 3623 1552 3693 Vetustissimus,
1584 3643 1760 3700 quem
1791 3624 1847 3681 in
1878 3622 2050 3682 Notis
2079 3623 2202 3681 suis
2231 3622 2479 3681 subinde
2508 3622 2599 3680 his
2628 3622 2811 3701 siglis,

600 3719 668 3777 V.
702 3718 795 3790 C„
824 3720 1077 3783 indicat:
1123 3740 1195 3779 ex
1226 3719 1314 3778 his
1343 3718 1540 3780 codd.
1579 3719 1658 3778 ait
1685 3722 1930 3798 Satyras
1973 3718 2085 3777 sibi
2114 3718 2260 3777 locis
2303 3719 2434 3796 plus
2466 3718 2652 3778 minus
2679 3709 2813 3778 οεηὲ

597 3821 723 3873 tum
751 3824 834 3892 (at
864 3817 918 3874 in
949 3816 1139 3876 fronte
1160 3816 1291 3875 libri
1321 3816 1409 3875 sui
1437 3815 1717 3876 ducentos
1733 3816 1950 3891 jactat)
1978 3826 2310 3883 correctas;
2358 3835 2537 3894 seque
2565 3834 2809 3893 operam

597 3910 848 3986 dedisse,
880 3933 949 3970 ne
974 3912 1277 3971 «Iuvenalis
1302 3912 1574 3989 amplius,
1622 3919 1897 3991 tanquam
1929 3913 2235 3992 Sphingos
2260 3912 2504 3991 aliquod
2526 3915 2810 3991 aenigma,

599 4009 933 4089 legeretur:
1008 4009 1274 4065 Titulum
1323 4017 1384 4067 et
1430 4008 1742 4084 Epistolas,
1800 4029 1835 4068 a
1885 4010 2116 4070 Lubino
2161 4007 2456 4087 praeflxas,
2510 4009 2813 4088 excipiunt

597 4105 728 4183 ejus
756 4105 942 4165 oratio
969 4107 1041 4164 de
1070 4124 1130 4163 re
1156 4103 1417 4181 poetica,
1444 4114 1504 4162 et
1533 4104 1927 4182 apologeticus
1954 4124 2064 4183 pro
2092 4107 2126 4167 J
2136 4105 2397 4164 uvenale.

681 4200 1000 4275 Juvenalis,
1043 4202 1101 4261 in
1148 4202 1280 4264 vol.
1328 4217 1406 4262 11.
1452 4201 1632 4279 Corp.
1672 4207 1834 4279 poet.
1879 4203 2009 4262 Lat.
2050 4201 2197 4263 editi
2237 4221 2275 4261 a
2315 4203 2475 4262 Sam.
2522 4199 2816 4278 Crispino,
