3050 4913
521 372 613 445 66

1280 387 1354 438 A.
1403 382 1653 436 Pmtsu
1706 387 1969 436 mulcet

525 528 699 610 Quae
731 530 859 595 nisi
888 531 1182 597 seductis
1211 549 1504 615 nequeas
1532 533 1939 595 committere
1968 529 2192 594 Divis,

520 630 618 696 At
646 634 824 697 bona
853 654 1008 717 pars
1038 653 1383 716 procerum
1412 635 1616 698 tacita
1645 634 1883 699 libavit
1910 651 2160 697 acerra.
2682 632 2727 694 5

525 724 733 799 Haud
794 738 1008 829 cuivis
1066 741 1391 820 promtum
1477 741 1604 813 est,

782 858 1000 902 SUTI‘OS

1688 755 2110 819 murmurque
2164 734 2570 816 humilesque
2625 753 2733 796 su-

523 938 787 1004 'I'ollere
820 940 901 1003 de
931 940 1217 1024 tempIiS,
1255 946 1323 1005 et
1351 945 1579 1023 aperto
1611 940 1833 1003 vivere
1862 941 2041 1002 voto.

526 1038 725 1105 Mens
755 1042 952 1119 bona,
984 1041 1186 1119 fama,
1220 1041 1403 1119 tides,
1437 1042 1584 1105 baec
1614 1041 1816 1119 clare,
1844 1045 1912 1102 et
1941 1042 2017 1101 ut
2044 1037 2272 1101 audiat
2297 1038 2537 1119 hospes
2568 1058 2585 1101 ε

522 1231 633 1278 dere
656 1228 769 1278 Diis
788 1229 881 1277 nisi
901 1230 1104 1279 mdis.
1173 1228 1266 1278 Sed
1295 1228 1561 1293 potentium
1585 1243 1756 1289 uragu
1792 1244 1905 1290 pars
1940 1226 2228 1293 sacrificabit
2261 1226 2502 1277 thuribulo
2534 1233 2731 1278 secreto.

528 1292 739 1342 Cuilibet
763 1294 916 1354 facile
935 1309 1027 1346 m
1048 1299 1115 1342 at
1140 1308 1202 1342 ex
1221 1293 1403 1342 adibus
1421 1294 1572 1341 sacris
1591 1295 1846 1341 camare
1877 1298 1925 1340 et
1945 1291 2086 1341 cerba
2105 1296 2302 1352 secreta,
2324 1298 2370 1340 et
2391 1307 2520 1340 voces
2538 1293 2731 1341 subnis-

524 1372 602 1407 sas
613 1375 635 1418 ,-
666 1362 713 1407 et
734 1361 886 1409 eum
905 1372 1045 1422 agere
1061 1357 1409 1425 precationibus
1427 1356 1709 1417 manifestis.
1767 1357 1878 1405 siut
1899 1357 2084 1406 animus
2103 1372 2261 1419 som,
2280 1357 2401 1405 bona
2424 1357 2737 1423 existiman»,

1452 1497 1628 1518 000000

1632 1498 1805 1519 000000

589 1589 623 1635 2
654 1590 853 1649 apponet
887 1587 1042 1636 C.—-⁵
1077 1586 1361 1651 Perperam
1384 1586 1471 1636 alii
1494 1584 1825 1635 librilibabit:
1859 1598 1959 1633 non
1978 1583 2112 1634 enim
2130 1584 2204 1633 sic
2239 1582 2410 1633 Latini
2432 1583 2731 1647 loquuntur,

1519 1707 1732 1758 NOTAE

527 1804 865 1870 Eutyphrone
920 1806 994 1857 ait
1045 1805 1365 1871 quorundam
1405 1811 1590 1868 peten-

527 1881 652 1932 tium
676 1882 974 1944 religionem
998 1882 1163 1931 videri
1183 1889 1412 1931 mutuam
1441 1880 1587 1929 Deos

525 1956 664 2006 inter
687 1965 742 2006 et
759 1958 987 2007 homines
1007 1957 1445 2007 nundinationem.
1489 1956 1589 2005 Pe·

527 2035 725 2083 tronius
779 2033 845 2082 de
900 2034 1033 2083 illis:
1090 2031 1351 2093 ‘Statim‚'
1399 2032 1587 2095 inquit,

526 2111 541 2137 ‘
563 2117 839 2173 antequam
875 2110 1033 2160 limen
1070 2108 1312 2172 Capitolii
1357 2112 1589 2171 tangant,

526 2183 655 2234 nlius
710 2185 898 2235 donum
955 2186 1234 2249 promittit,
1280 2183 1321 2232 si
1377 2183 1588 2249 propin·

526 2274 683 2329 quum
709 2260 922 2311 divitem
945 2260 1218 2320 extulerim
1253 2259 1382 2309 alius
1410 2260 1454 2308 si
1476 2258 1587 2307 the-

526 2351 731 2387 saurum
754 2334 1032 2399 effoderit‚’
1049 2342 1149 2388 dxc.

589 2416 621 2462 4
656 2411 894 2476 seductis]
961 2413 1122 2466 Quasi
1149 2426 1380 2463 seorsum
1415 2411 1587 2462 ductis

504 2495 583 2539 -et
621 2489 775 2550 clam,
818 2491 938 2552 quia
976 2489 1139 2554 pudet
1179 2488 1429 2552 ejusmodi
1465 2495 1588 2539 vota

526 2565 694 2629 palam
740 2565 912 2615 facere
953 2573 1007 2615 et
1050 2581 1224 2615 coram
1279 2566 1585 2630 bominibus,

525 2656 740 2706 quorum
781 2643 893 2692 illos
930 2655 1029 2692 non
1054 2643 1216 2706 pudet
1237 2657 1409 2691 coram
1446 2643 1584 2692 Diis.

526 2716 630 2767 Alii
654 2719 922 2782 explicant
943 2716 1199 2781 corruptis
1222 2732 1318 2781 per
1339 2730 1584 2767 munera:

526 2791 617 2844 sed
644 2807 741 2841 non
767 2793 954 2856 placet.
1232 2811 1245 2817 ·

592 2866 827 2931 Nequeas]
895 2867 958 2916 ld
999 2874 1100 2929 est,
1137 2882 1239 2916 non
1272 2867 1481 2930 audeas,
1502 2869 1584 2917 vel

529 2955 629 2991 non
650 2943 814 3006 possis
837 2944 946 2992 sine
972 2943 1186 3006 pudore,
1205 2950 1261 2993 et
1281 2945 1507 3008 impune.

590 3025 620 3067 5
656 3018 858 3081 Acerra]
891 3019 995 3067 Vas
1014 3025 1095 3068 est
1130 3019 1180 3067 in
1214 3034 1315 3084 quo
1350 3020 1465 3070 thus
1493 3020 1585 3070 ad·

528 3096 770 3146 olendum
795 3096 1019 3158 ponitur.
1056 3095 1292 3145 Tacitam
1315 3103 1468 3147 vocat
1487 3112 1585 3162 per

528 3172 919 3234 metonymiam:
956 3172 1010 3220 id
1035 3177 1134 3234 est,
1152 3172 1227 3221 illi
1254 3173 1402 3222 taciti
1418 3173 1585 3224 libant

525 3259 722 3296 acerra.
806 3248 971 3298 Porro
1028 3262 1261 3298 acerram
1306 3249 1586 3316 improprie

524 3323 836 3374 proceribus
872 3325 1053 3376 tribuit
1088 3327 1171 3377 bic
1195 3328 1429 3377 Persius:
1465 3339 1586 3377 nam

524 3400 715 3451 divites
740 3401 804 3450 de
823 3402 971 3450 lance
992 3403 1201 3466 copiosa
1216 3402 1400 3466 libant,
1423 3409 1482 3453 nt
1505 3410 1588 3453 est

524 3476 577 3525 in
602 3475 705 3527 fine
726 3477 880 3541 hujus
902 3476 1111 3527 Satirae:
1138 3493 1392 3543 pauperes
1411 3487 1587 3529 autem

526 3567 725 3618 acerra,
750 3553 801 3603 id
822 3560 922 3614 est,
944 3568 1111 3616 pauca
1133 3553 1297 3604 thuris
1330 3568 1507 3617 grana,
1530 3561 1586 3605 et

525 3629 713 3692 tribus,
763 3636 819 3680 ut
868 3630 1031 3693 aiunt,
1082 3630 1256 3694 digitis
1312 3630 1580 3693 prehensa.

525 3704 683 3757 Ovid.
706 3707 742 3755 1.
768 3720 844 3757 ιν.
884 3707 948 3757 de
973 3706 1144 3756 Ponto
1167 3707 1319 3771 Eleg.
1342 3710 1390 3758 8.
1426 3708 1441 3735 ‘
1466 3707 1583 3757 Nec

524 3797 641 3847 qum
661 3783 728 3831 de
748 3798 909 3847 parva
932 3797 1130 3847 pauper
1155 3785 1272 3834 Diis
1296 3785 1424 3834 libat
1443 3798 1585 3834 acer·

525 3871 614 3921 ra;
644 3858 813 3908 Thura
846 3861 1012 3910 minus
1051 3860 1229 3924 grandi
1270 3875 1423 3926 quam
1460 3861 1584 3912 data

526 3935 673 3985 lance
699 3936 906 3985 valent!

591 4016 623 4061 6
658 4011 963 4075 Murum-que
1019 4013 1300 4078 humilesque
1350 4014 1585 4079 manos]

525 4090 947 4154 Interpretantur
977 4087 1089 4138 fere
1120 4104 1296 4139 ornnes
1320 4091 1385 4139 de
1409 4091 1584 4141 tacitis

527 4166 663 4216 votis
685 4171 739 4216 et
764 4163 1027 4229 precibus:
1065 4165 1234 4229 pauci,
1273 4165 1340 4215 de
1379 4165 1586 4216 immur-

530 4242 816 4293 mutatione
861 4255 980 4307 qua,
1025 4238 1144 4292 dum
1182 4241 1403 4308 quisque
1441 4245 1585 4294 Deos

1668 1809 1820 1866 rogat
1840 1802 1977 1867 quod
2002 1808 2173 1866 optat,
2198 1816 2324 1851 voce
2347 1799 2572 1861 subalta,
2602 1805 2733 1848 tem·

1669 1879 1809 1942 plum
1871 1877 2102 1928 confusis
2159 1878 2372 1928 vocibus
2427 1877 2732 1941 impleretur

1669 1956 2101 2020 turbareturque:
2158 1954 2296 2020 quod
2340 1954 2496 2004 etiam
2540 1954 2614 2003 illi
2663 1953 2730 2004 ad

1667 2033 2070 2084 ostentationem
2109 2030 2400 2082 faciebant:
2435 2031 2571 2080 unde
2606 2030 2734 2080 Per·

1666 2110 1770 2159 sius
1809 2122 1959 2158 mox:
1993 2123 2123 2158 inens
2156 2108 2293 2171 bona,
2313 2111 2412 2157 ἃς.
2455 2107 2556 2156 hee
2591 2108 2733 2156 clare.

1668 2186 1768 2235 His
1800 2200 1900 2250 ego
1933 2184 2205 2248 astipulor,
2235 2199 2301 2233 ne
2325 2183 2567 2233 videatur
2602 2185 2733 2235 Per-

1666 2262 1771 2312 sius
1793 2261 1971 2312 cadem
1996 2261 2184 2323 sepius
2208 2259 2487 2308 inculeare.

1732 2343 1764 2389 7
1803 2339 1985 2388 Tollere
2005 2337 2063 2386 de
2086 2335 2297 2399 centuplis]
2359 2334 2463 2383 Vix
2487 2347 2644 2398 queas
2665 2333 2732 2382 ir·

1670 2413 1939 2479 religiosos
1978 2419 2033 2463 et
2074 2412 2256 2477 impios
2297 2411 2387 2461 hos
2434 2417 2730 2475 precatores

1669 2503 1849 2539 arcere
1871 2503 1902 2537 e
1925 2488 2154 2551 templis,
2188 2485 2319 2536 adeo
2357 2486 2614 2549 cupiditas
2642 2500 2731 2534 ex-

1667 2572 1852 2629 caecat,
1886 2570 1947 2614 nt
1980 2577 2128 2614 suum
2169 2560 2318 2612 nefas
2356 2576 2459 2610 non
2492 2561 2726 2624 videan13

1665 2642 1741 2690 sic
1779 2647 1952 2704 urget,
1983 2645 2043 2689 ut
2076 2638 2336 2689 abstinere
2372 2652 2472 2688 non
2512 2639 2729 2702 possint.

1664 2717 1754 2766 Sic
1795 2715 1935 2780 apud
1982 2715 2139 2765 Ovid.
2182 2715 2321 2764 Fast.
2359 2727 2411 2764 v,
2461 2714 2730 2763 Mercator

1666 2799 1783 2842 orat
1826 2792 2176 2841 Mercurium:
2230 2792 2351 2840 ‘Da
2386 2789 2542 2838 modo
2582 2790 2727 2838 lucra

1665 2867 1881 2917 mibi...
1916 2876 1970 2916 et
2033 2867 2220 2916 emtori
2272 2865 2431 2915 verba
2486 2863 2729 2914 dedisse!

1668 2945 1738 2994 Et
1759 2942 1898 3008 apud
1943 2943 2129 2993 Horat.
2168 2945 2338 3008 Epist.
2365 2956 2401 2991 ι.
2427 2946 2507 2992 16.
2542 2943 2728 3006 impro-

1668 3022 1765 3072 bus
1808 3021 1883 3070 sie
1918 3020 2151 3084 improbe
2196 3026 2466 3084 precatur:
2518 3019 2536 3046 ⁴
2561 3018 2731 3068 Labra

1666 3105 1841 3148 movet
1876 3104 2112 3147 metuens
2134 3096 2328 3146 audiri:
2380 3091 2596 3160 pulchra
2635 3096 2728 3144 La-

1668 3192 1845 3239 verna,
1888 3176 1972 3225 Da
2015 3175 2138 3224 mihi
2184 3172 2385 3235 fallere,
2428 3172 2495 3222 da
2523 3173 2725 3237 justum

1668 3260 2007 3318 sanctumque
2048 3252 2244 3313 videri3
2278 3253 2506 3301 Noctem
2544 3264 2731 3315 pecca·

1666 3329 1752 3392 tis,
1772 3336 1828 3379 et
1846 3327 2113 3378 fraudibus
2131 3329 2303 3392 objice
2324 3327 2551 3378 nubem.'

1731 3405 1800 3453 Et
1819 3408 1984 3467 aperto
2004 3402 2181 3466 tit-ere]
2231 3404 2345 3454 Nec
2368 3404 2443 3453 ita
2465 3402 2624 3454 facile
2648 3413 2729 3454 est

1666 3479 1844 3544 cuivis,
1865 3494 1968 3530 non
1991 3479 2088 3528 nisi
2114 3479 2247 3528 bona
2270 3487 2472 3544 optare,
2503 3480 2637 3530 adeo
2668 3488 2727 3530 ut

1664 3570 1765 3607 non
1798 3555 1995 3620 pudeat
2033 3562 2216 3619 optata
2255 3557 2421 3619 palam
2459 3555 2727 3619 proferre3

1665 3640 1720 3683 et
1742 3634 1817 3683 sic
1842 3634 1981 3698 loqui
2005 3647 2122 3683 cum
2153 3633 2442 3682 bominibus
2483 3642 2727 3698 tanquam

1666 3709 1757 3758 Dii
1798 3709 2028 3773 audiant,
2067 3716 2122 3758 et
2160 3709 2235 3758 sic
2275 3724 2393 3759 cum
2429 3709 2560 3772 Diis,
2583 3709 2727 3774 quasi

1665 3785 1875 3837 audiant
1906 3786 2172 3836 homines:
2208 3786 2347 3850 qnod
2379 3786 2725 3850 Philosophiae

1665 3868 1992 3927 prteceptum
2028 3862 2204 3911 laudat
2232 3861 2534 3912 Macrobius
2553 3864 2728 3912 Satur·

1664 3937 1766 3987 nal.
1791 3949 1830 3985 1.
1848 3940 1895 3985 7.

1729 4016 1762 4062 8
1796 4012 1941 4062 Mens
1981 4009 2121 4075 bona]
2187 4012 2430 4064 Juvenal.
2492 4012 2606 4062 Sat.
2669 4025 2724 4062 x.

1662 4088 1680 4118 ⁸
1705 4087 1974 4139 Orandum
2019 4095 2099 4136 est
2138 4094 2197 4137 ut
2230 4088 2302 4137 sit
2329 4101 2474 4136 mens
2508 4101 2636 4136 sana
2672 4087 2724 4136 in

1665 4179 1885 4230 corpore
1929 4163 2089 4214 sano!
2164 4165 2362 4214 Seneca
2414 4164 2585 4227 Epist.
2643 4167 2723 4212 94.

1668 4245 1684 4272 ‘
1706 4243 1854 4307 Roga
1865 4242 2049 4293 bonam
2068 4245 2311 4303 mentem,
2326 4238 2512 4290 bonam
2530 4238 2724 4289 valetu-
