3050 4913
1223 389 1320 437 DE
1369 387 1655 440 PRRsm.

787 530 885 580 Ille
907 545 1001 595 ego
1024 531 1111 596 qui
1133 531 1186 580 in
1207 531 1401 594 Satyris
1423 547 1523 582 non
1549 532 1760 582 ultimus
1779 547 1893 586 esse
1917 533 2084 598 poetis

855 612 1019 660 Dicor
1040 618 1093 660 et
1116 612 1382 660 obscurum
1407 614 1759 676 composuisse
1780 615 1984 663 librum.

753 727 754 730 ,
787 691 870 740 Ex
891 692 1077 740 Flacco
1103 692 1319 755 gravida
1342 694 1543 756 peperit
1567 708 1650 743 me
1676 693 1855 743 Fulvia
1880 700 2081 755 mater;

854 772 936 821 Tu
960 772 1100 835 mibi,
1122 775 1349 822 (Tornute
1374 774 1547 834 docte,
1566 775 1813 836 magister
1835 788 1949 822 eras
1971 790 1983 823 ε

789 852 1029 906 Quacum·
1046 854 1098 902 in
1118 854 1288 904 studio
1310 869 1409 903 nec
1430 855 1596 905 adbuc
1621 869 1718 919 ego
1741 857 1901 905 lustra
1921 855 2133 918 peregit

852 933 1086 998 Cumque
1109 949 1236 997 opus
1259 935 1390 983 baud
1417 935 1568 986 facile
1588 934 1783 998 fingere
1810 938 1961 985 Musa
1981 936 2148 992 dedit.

784 1011 925 1063 Ante
946 1022 1279 1077 expectatum
1307 1016 1543 1064 Lachesis
1577 1030 1660 1065 me
1685 1017 1874 1080 pressit
1896 1017 2086 1067 acerbo

852 1095 1090 1145 Funere:
1127 1096 1253 1159 Dic,
1280 1095 1419 1144 Persi
1441 1096 1658 1161 (Lector
1690 1097 1878 1162 amice)
1899 1099 2017 1147 vale.

660 1224 725 1276 ln
746 1239 928 1275 aversa
949 1226 1134 1289 pagina
1164 1225 1357 1289 legitur
1371 1225 1749 1289 Argumentum
1775 1227 1827 1275 iu
1850 1241 1980 1291 opus
2000 1224 2197 1276 Persii:

793 1338 1020 1402 Cori-igit
1044 1339 1094 1387 in
1117 1341 1271 1402 primo
1292 1339 1565 1389 laudantes
1587 1340 1738 1389 molle
1762 1339 1977 1403 poema:

790 1419 1072 1469 Pet-versos
1092 1434 1260 1468 mores
1273 1435 1333 1468 ac
1350 1420 1510 1485 impia
1535 1429 1655 1470 vota
1675 1423 1877 1470 secunda
1889 1438 1906 1470 .·

789 1500 977 1550 Molles
1002 1507 1057 1549 et
1082 1501 1257 1564 pigros
1281 1505 1553 1552 satirarum
1577 1503 1722 1552 tertia
1743 1503 1984 1553 mordet:

791 1582 1023 1646 Corrigit
1046 1583 1097 1631 in
1121 1589 1289 1646 quartu
1301 1584 1550 1648 juvenem
1569 1585 1694 1634 satis
1717 1583 2042 1634 ambitiosum
2056 1598 2076 1632 .·

792 1662 1064 1713 Libertate
1089 1680 1217 1728 opus
1240 1674 1319 1714 est
1338 1681 1402 1714 ex
1420 1666 1587 1729 quinta
1608 1664 1982 1730 philosophanti
2003 1680 2017 1713 z

790 1743 894 1796 Qui
918 1746 1086 1795 miseri
1111 1747 1293 1796 vivunt
1315 1763 1409 1812 per
1425 1753 1613 1798 sextam
1632 1747 1774 1797 rodit
1796 1760 1999 1797 avaros.

401 1873 620 1937 Prologi
649 1872 885 1924 Persiani
923 1875 1075 1924 litera
1111 1877 1318 1927 initialis
1344 1876 1392 1927 N

338 1949 592 2015 quadrata
611 1948 886 2012 coloribus,
922 1965 1203 2015 purpureo,
1221 1953 1396 2003 viridi-

335 2040 441 2091 que
464 2032 521 2074 et
542 2039 664 2074 auro
688 2024 937 2075 distincta
959 2036 1058 2090 est,
1091 2037 1145 2077 et
1177 2039 1396 2095 uterque

336 2105 541 2167 pagine
559 2104 737 2167 primae
760 2119 935 2167 margo
956 2101 1167 2157 floribus
1187 2109 1396 2171 pulchre

339 2179 406 2228 ad
425 2179 594 2227 vivum
619 2179 772 2242 pictis
794 2188 1015 2228 ornatus.
1061 2182 1255 2231 Textus
1278 2183 1397 2232 dein

336 2254 522 2318 glossis
561 2255 854 2304 verbalibus
907 2257 1070 2321 iisque
1121 2259 1397 2309 levioribus

338 2331 778 2396 interfluentibus,
791 2333 947 2382 credo
970 2333 1020 2381 in
1040 2349 1184 2383 usum
1210 2336 1397 2398 priuci-

1478 1878 1557 1941 pie
1582 1877 1791 1939 alumni,
1812 1889 2116 1940 perspersum
2149 1872 2275 1922 nihil
2303 1870 2415 1922 fere
2439 1872 2536 1921 sin-

1478 1955 1657 2019 gulare
1693 1954 1871 2014 babet,
1908 1950 2045 2017 quod
2072 1951 2409 2001 casaubonus
2432 1963 2536 1998 nou

1479 2030 1689 2092 viderit,
1738 2040 1796 2080 et
1840 2027 2179 2093 judicaverit,
2233 2027 2536 2089 plerumque

1475 2107 1796 2170 improbarit.
1826 2104 2134 2170 Speciminis
2169 2110 2342 2153 tamen
2382 2115 2539 2151 causa

1476 2185 1748 2248 prologum
1764 2184 1964 2245 damus,
1980 2197 2097 2233 cum
2117 2181 2301 2231 tertius
2323 2193 2540 2244 praeser-

1477 2262 1571 2311 tim
1617 2277 1792 2311 versus
1828 2263 1982 2311 aliam
2019 2260 2315 2319 lectionem,
2350 2258 2542 2307 Casuu-

1478 2338 1613 2389 bono
1630 2346 1775 2389 certe
1791 2338 1921 2388 haud
1940 2344 2292 2398 memoratam,
2310 2333 2500 2383 inferat
2519 2349 2535 2383 z

857 2447 974 2497 Nec
993 2445 1136 2498 fonte
1159 2450 1303 2499 labra
1328 2452 1496 2514 prolui
1514 2454 1769 2503 caballino

858 2526 975 2578 Nec
997 2528 1050 2577 in
1073 2529 1273 2592 bicipiti
1297 2532 1576 2580 somniasse
1599 2547 1819 2597 parnaso

856 2607 1073 2657 Memini
1092 2624 1166 2658 me
1186 2614 1238 2658 ut
1259 2610 1328 2659 sic
1343 2617 1534 2673 repente
1554 2613 1710 2676 poeta
1731 2611 1991 2675 prodirem

859 2688 1330 2755 Heliconiaduque
1355 2692 1702 2758 pallidumque
1727 2694 1958 2757 pirenem

859 2769 969 2819 Illis
993 2772 1202 2835 relinquo
1221 2786 1434 2836 quorum
1458 2774 1704 2838 imagines
1725 2774 1960 2824 lambunt

859 2850 1085 2900 Hedera!
1111 2868 1376 2917 sequaces,
1398 2855 1508 2917 ipse
1528 2855 1880 2919 semipagonus

859 2930 947 2982 Ad
970 2947 1115 2981 sacra
1125 2932 1298 2993 fatum
1323 2949 1531 2983 carmen
1552 2933 1711 2985 affero
1735 2943 1984 2985 nostrum.

859 3011 991 3064 Qui·
1011 3012 1281 3076 expedivit
1304 3015 1527 3077 psittaco
1544 3029 1686 3063 suum
1705 3015 1857 3064 chere

858 3092 1118 3157 Picusque
1138 3093 1314 3143 docuit
1337 3101 1512 3145 nostra
1532 3096 1692 3144 verba
1714 3095 1927 3145 conari?

858 3172 1116 3236 Magister
1135 3174 1280 3236 artis,
1303 3175 1598 3241 ingeniique
1616 3177 1831 3239 largitor

858 3254 1079 3317 Venter,
1101 3264 1312 3319 negatas
1334 3255 1522 3306 artifex
1556 3259 1700 3321 sequi
1726 3271 1898 3307 voces.

856 3334 1015 3385 Quod
1037 3335 1076 3382 si
1102 3335 1267 3385 dolosi
1289 3350 1405 3400 spes
1429 3335 1688 3387 refulserit
1726 3337 1895 3387 numi:

855 3416 1053 3465 Corvos
1077 3416 1279 3480 poetas,
1301 3425 1357 3467 et
1379 3418 1639 3481 poetridas
1662 3419 1805 3482 picas

856 3495 1085 3545 Cantare
1108 3496 1292 3546 credas
1308 3512 1665 3563 pet-pegaseum
1688 3501 1866 3549 melos.

406 3604 691 3656 Satirarum
725 3606 845 3656 dein
879 3607 1042 3656 litem
1076 3607 1301 3656 initiales
1333 3607 1403 3672 Ο,

1480 3624 1660 3658 manus
1697 3608 1970 3659 deiecerit.
2038 3606 2098 3656 In
2134 3606 2241 3655 Sat.
2280 3618 2320 3654 ι.
2354 3607 2403 3654 2.
2428 3615 2540 3667 sqq.

339 3680 415 3744 H,
442 3682 514 3745 N,
535 3683 599 3744 R,
620 3682 686 3746 V,
709 3682 751 3730 Α
775 3682 984 3745 desunt,
1019 3682 1156 3747 quod
1191 3682 1402 3733 artificis
1480 3686 1555 3734 sic
1578 3685 1895 3749 intel-puncti
1918 3684 2191 3747 leguntur:

736 3784 866 3837 Quis
886 3787 1030 3849 leget
1051 3787 1185 3837 hec?
1219 3789 1324 3837 min
1348 3795 1405 3838 tu
1424 3788 1563 3837 istud
1589 3790 1702 3839 ais?

734 3868 936 3916 Nemo?
970 3868 1183 3917 hercule
1218 3882 1383 3917 nemo.

663 3960 666 3963 ·
730 3947 828 3995 Vel
849 3947 952 3996 duo
976 3949 1090 3998 vel?
1128 3949 1313 3998 Neme-
1342 3955 1493 4013 turpe
1515 3955 1570 3998 et
1594 3950 1902 3999 miserabile.
1927 3945 2122 4012 quare?

406 4056 512 4107 Sed
545 4057 808 4109 mittamus
830 4068 1010 4111 cetera
1037 4062 1246 4112 Codicis
1280 4077 1405 4128 apo-

343 4135 546 4199 graphi,
581 4135 753 4185 forsan
792 4152 861 4186 ex
898 4138 982 4188 ed.
1029 4140 1199 4205 aliqua
1236 4147 1410 4190 vetus-

345 4211 478 4262 tiore
502 4212 768 4279 descripti,
786 4230 903 4265 cum
920 4230 1100 4281 parum
1123 4215 1242 4267 inde
1261 4231 1408 4268 acce·

1482 4064 1612 4114 dere
1635 4070 1792 4130 queat
1830 4061 1896 4110 ad
1930 4059 2307 4109 emendandum
2325 4061 2547 4116 textum,

1486 4140 1674 4192 menda
1695 4141 1846 4207 plura
1862 4138 1974 4204 ipse
1994 4136 2273 4187 admiserit.
