3050 4913
1132 401 1160 447 J
1175 398 1580 448 uvnNAms.
2295 388 2467 457 1245

246 544 497 621 (statiis).
576 545 850 603 Vinare‘ae
885 552 1056 613 1717.
1086 544 1221 604 min.
1256 552 1314 604 8.
1400 545 1578 605 Liber
1616 546 1990 607 doctissimus
2020 558 2082 607 et
2112 548 2465 619 utilissimus,

245 644 299 702 in
326 662 453 721 quo
471 653 602 701 tum
635 641 816 701 variae
843 642 1123 703 lectiones
1142 641 1365 702 codicis
1390 644 1503 703 Ms.
1528 642 2089 717 Sclturzfleischiani,
2118 656 2237 705 tum
2264 649 2466 706 multae

247 740 530 817 bonaeque
577 740 960 799 inveniuntur
998 739 1438 800 observationes
1465 742 1718 800 auctoris
1748 751 1809 801 et
1834 742 2099 814 aliorum,
2131 752 2246 802 tam
2278 743 2467 803 critici

246 856 419 913 quam
447 838 793 915 philologici
823 838 1169 915 argumenti,
1200 839 1256 896 in
1286 839 1627 898 Juvenalem
1663 837 1910 917 ejusque
1939 839 2321 900 Scholiasten.
2398 843 2464 898 ln

252 932 477 992 Praefat.
510 932 757 991 editoris
790 944 1004 1011 praeter
1033 932 1210 992 vitam
1259 941 1455 1011 po'etae
1499 936 1773 1012 leguntur
1801 937 1928 995 ltaec
1957 937 2171 996 verba:
2220 945 2237 970 ‘
2269 939 2469 998 Frater

247 1050 402 1090 mens
429 1030 683 1106 adjutus
710 1041 802 1088 est
824 1084 831 1091 .
851 1050 967 1090 non
1012 1049 1214 1108 parum
1242 1031 1422 1110 Casp.
1460 1033 1680 1092 Bartbii
1721 1033 1932 1093 codice
1959 1035 2232 1094 editionis
2263 1038 2466 1095 Sanct.

247 1127 604 1198 Andreanae,
635 1128 855 1206 passim
889 1140 1014 1187 tum
1046 1127 1100 1186 in
1126 1135 1320 1206 poetae
1340 1138 1466 1186 tum
1497 1130 1553 1187 in
1585 1130 1948 1189 Enarratoris
1970 1131 2237 1207 ejusdem
2259 1133 2465 1192 veteris

245 1226 492 1305 paginis,
542 1245 720 1284 manu
770 1226 950 1303 ipsius
1000 1225 1340 1297 subnotato,
1389 1236 1451 1285 ct
1488 1227 1967 1305 castigationibus
2008 1227 2322 1300 interdum,
2363 1230 2468 1289 ali-

247 1322 483 1402 quando
535 1323 1053 1382 observationibus
1097 1322 1323 1383 erudite
1365 1336 1566 1383 auct0.
1665 1323 1944 1383 Codicem
1994 1324 2166 1384 etiam
2212 1336 2461 1386 veterem

244 1441 372 1479 cum
403 1420 658 1479 Domitii
682 1421 979 1480 Calderiui
1006 1422 1238 1480 scholiis
1262 1423 1655 1481 Venet.l483.
1684 1441 1961 1481 excusum
1982 1422 2267 1494 adhibuit,
2285 1441 2462 1483 -manu

248 1517 346 1576 viri
370 1517 701 1595 cujusdam
730 1513 966 1589 eruditi,
997 1518 1168 1596 cujus
1216 1539 1424 1578 nornen
1465 1519 1712 1596 ‘quidem
1758 1520 2113 1596 ignoramus,
2159 1520 2296 1580 hinc
2327 1520 2494 1580 inde>

247 1614 609 1686 distinctum,
657 1625 719 1674 et
767 1614 1011 1674 scholiis
1039 1636 1073 1675 e
1101 1625 1352 1687 vetusto,
1398 1616 1471 1676 ad
1507 1637 1680 1695 quem
1711 1633 2127 1693 nonnunquam
2159 1630 2467 1695 provocat,

247 1712 440 1771 nescio
469 1732 596 1789 quo
623 1712 839 1771 codice
868 1711 1188 1790 aliquando
1213 1726 1477 1784 auctum,
1505 1732 1576 1771 ex
1607 1732 1729 1789 quo
1771 1713 2059 1772 interdum
2094 1714 2464 1774 Pithoeanum

247 1810 295 1867 in
324 1808 593 1868 ordinem
626 1808 851 1887 redegit
896 1809 1268 1887 interpretem
1312 1809 1655 1887 glossasque
1698 1808 1841 1867 alias
1881 1809 2129 1868 selectas
2170 1810 2226 1867 in
2275 1810 2464 1871 lucem

247 1906 545 1984 produxit.
634 1906 964 1965 Maximum
1013 1916 1368 1967 momentum
1416 1905 1561 1966 fecit
1607 1906 2087 1965 membranaceus
2130 1915 2331 1966 noster
2361 1908 2470 1966 Ju-

251 2005 463 2063 venulis
512 2003 713 2064 codex
763 2004 1016 2082 scriptus
1065 2005 1120 2063 iu
1179 2013 1382 2083 quarta
1427 2003 1613 2063 forma
1662 2004 2003 2063 charactere
2051 2002 2300 2082 eleganti
2345 2019 2461 2062 non

252 2102 458 2173 minus,
512 2121 695 2179 quarn
745 2113 1109 2180 pervetusto,
1163 2111 1454 2162 exaratus.
1541 2100 1974 2161 Commentaria
2022 2100 2193 2158 simul
2252 2109 2465 2173 vetera,

252 2199 362 2258 sire
392 2198 490 2258 illa
521 2199 775 2261 Cornuti
802 2199 940 2269 sint,
979 2209 1043 2256 ut
1090 2199 1219 2258 Jac.
1250 2196 1501 2274 Cujacio
1533 2197 1741 2269 visum,
1786 2198 1906 2256 sive
1947 2197 2142 2267 Probi,
2175 2205 2239 2256 ut
2266 2197 2470 2275 pleris-

253 2316 360 2374 que
386 2297 613 2373 placet,
646 2296 766 2355 sive
795 2294 994 2372 potius
1025 2295 1244 2354 scholia
1274 2295 1388 2354 sint
1417 2294 1786 2354 diversorum
1836 2313 2027 2371 neque
2074 2293 2243 2353 unius
2282 2295 2476 2355 aetatis'

251 2402 345 2452 aut
399 2391 699 2471 religionis
756 2392 1321 2464 Grammaticorum,
1383 2392 1823 2452 reconcinnavit
1878 2401 2008 2471 post
2060 2391 2352 2451 Pithoeum
2407 2403 2467 2453 et

254 2491 694 2558 Sebreveliuml
779 2490 887 2550 Ille
930 2500 1012 2550 est
1058 2489 1248 2549 codex
1294 2489 1744 2566 Schunfleisch.
1795 2491 1897 2566 qui
1943 2509 1977 2547 a
2027 2489 2198 2547 nobis
2241 2490 2298 2548 in
2329 2491 2468 2550 Var.

254 2588 412 2645 Lect.
437 2592 526 2658 (n.
566 2589 688 2659 11.)
714 2587 886 2645 toties
925 2586 1217 2657 laudatur,
1256 2595 1314 2645 et
1353 2596 1473 2646 tum
1506 2587 1690 2645 bonas
1722 2585 1970 2644 subinde
2010 2585 2309 2659 lectiones,
2340 2595 2466 2646 tum

257 2683 482 2742 Scholia
512 2682 838 2742 Pithoeanis
866 2682 1266 2741 emendatiora
1292 2683 1552 2743 exhibet.

330 2780 786 2839 Observationes
818 2777 1210 2858 philologicos
1252 2782 1317 2838 in
1368 2777 1622 2857 Satyros
1659 2778 1966 2839 Juvenum
2019 2778 2168 2839 duas
2212 2780 2467 2858 priores,

257 2875 761 2955 qua—Praesides
792 2877 891 2935 M.
931 2873 1135 2935 Ulrt'co
1167 2874 1510 2934 Sebastiano
1551 2875 1770 2935 Beckio
1801 2875 2286 2954 Now-imbergenst’
2315 2876 2470 2954 pub·

252 2974 353 3034 lice
383 2973 812 3054 disquirenda-r
852 2975 1142 3051 proponit
1189 2972 1328 3032 doli.
1371 2970 1505 3031 Jac.
1559 2972 1745 3030 Hans.
1807 2971 2060 3052 Aleovfii
2119 2971 2468 3032 Noricorum

259 3081 427 3141 1732.
458 3083 521 3132 4.
612 3070 793 3138 Quod
825 3070 1135 3129 consilium
1166 3080 1404 3128 secutus
1434 3069 1508 3128 sit
1542 3068 1815 3139 Beckius,
1865 3069 1990 3146 ipse
2028 3069 2084 3127 in
2125 3069 2468 3130 Praefamine

251 3169 333 3228 his
360 3170 564 3229 verbis
592 3168 951 3228 declaravit:
1000 3175 1016 3199 ⁸
1037 3168 1275 3226 Summa
1303 3166 1428 3225 Cel.
1459 3165 1529 3225 C.
1563 3165 1644 3224 G.
1670 3166 1979 3224 Schwarzii
2010 3164 2337 3224 humanitas
2365 3186 2470 3224 co-

250 3267 439 3326 dicem
469 3267 736 3345 aliquem
767 3268 799 3325 J
810 3264 1062 3324 uvenalis
1093 3273 1318 3342 quartae
1349 3263 1552 3322 sormae
1576 3261 2088 3322 membranaceum
2122 3263 2275 3322 haud
2304 3263 2469 3321 malae

247 3376 423 3435 uotae,
454 3375 518 3424 et
549 3365 646 3423 cui
670 3363 898 3422 scholia
919 3360 1189 3440 quaedam
1222 3362 1276 3420 iu
1298 3361 1485 3430 calce,
1509 3370 1571 3421 et
1600 3361 1845 3438 sparsim
1877 3360 1933 3418 in
1963 3361 2219 3438 margine
2243 3363 2468 3439 Satyrae
2509 3387 2512 3392 ·

250 3479 288 3521 1.
318 3463 489 3521 allita
522 3472 686 3530 sunt,
714 3460 1015 3519 nobiscum
1047 3459 1521 3518 communicavit.
1598 3456 1861 3518 Uti‘vero
1883 3457 2346 3537 locupletissima
2364 3455 2468 3514 viri

244 3559 647 3617 laudatissimi
678 3556 1033 3615 bibliotheca
1081 3556 1232 3615 inter
1266 3556 1409 3614 alios
1456 3554 1724 3624 selectos,
1773 3573 1892 3613 non
1939 3572 2166 3631 paucos
2208 3562 2471 3612 asservat

242 3656 425 3716 libros
453 3657 538 3714 ab
568 3653 939 3713 incunabulis
969 3653 1373 3731 typograpltiae
1401 3650 1752 3729 impressos:
1802 3651 1882 3710 ita
1909 3651 2082 3709 etiam
2114 3650 2337 3726 aliquot
2366 3669 2482 3708 an···

244 3755 405 3833 tiqua
435 3751 746 3812 Juvenatis
774 3749 1046 3827 exempla
1088 3749 1289 3809 usibus
1332 3749 1541 3807 nostris
1583 3746 1896 3830 concessit.
1980 3745 2190 3820 (Editt.
2223 3745 2471 3806 Mediol.

253 3860 427 3919 1⁴74·
477 3859 543 3908 et
601 3855 776 3906 1511.
848 3848 1055 3906 Venet.
1086 3866 1130 3904 s.
1161 3865 1215 3904 a.
1247 3855 1308 3904 et
1342 3842 1518 3904 1436.
1607 3842 1881 3901 vincent.
1917 3849 2090 3902 1480.
2192 3841 2472 3904 Locateni

249 3956 425 4017 149‘2.
516 3944 859 4023 Nurnberg.
898 3950 1071 4012 1497.
1158 3943 1294 4003 Ald.
1335 3949 1508 4001 1501.
1595 3937 1788 4018 Lugd.
1823 3947 1997 4001 1521.
2081 3939 2259 3999 Basil.
2295 3949 2471 4002 1531.

250 4052 427 4104 1551.
466 4043 777 4120 Antverp:
808 4049 984 4101 1585.
1045 4039 1226 4099 Paris·
1262 4047 1433 4102 1535.
1471 4036 1984 4112 1613.)-P1acuit
2014 4035 2487 4097 Schurzfleischii:

244 4141 526 4201 codicem
558 4159 693 4198 cum
738 4136 1144 4198 Scltwarziano
1173 4155 1536 4213 comparare,
1583 4154 1843 4211 quocum
1884 4131 2129 4193 mirifice
2158 4132 2470 4192 consentit.

242 4236 626 4301 -Omninm
676 4255 816 4296 vero
851 4235 1122 4295 locorum
1174 4233 1542 4305 variantium,
1594 4233 1781 4293 multo
1835 4231 2023 4290 minus
2079 4228 2470 4289 difficiliorum
