3050 4913
507 334 637 400 104

513 495 815 579 Despuat
840 496 907 559 iu
932 514 1145 560 mores
1170 516 1189 576 3
1234 514 1602 579 penemque
1630 515 2010 580 arcanaque
2039 497 2245 562 lumbi

1265 351 1337 399 A.
1389 351 1636 402 PBRSH
1661 353 1952 409 ,nacci

502 595 948 676 Runcautem,
978 598 1229 680 populo
1260 601 1622 660 marcentes
1651 598 1941 680 pandere
1972 598 2231 663 vulvas.

502 698 611 764 Tu
643 719 794 763 cum
822 700 1121 762 maxillis
1149 698 1531 763 balanatum
1560 719 1856 783 gausape
1882 707 2137 784 pectaS,

503 800 887 883 Inguinibus
917 820 1124 883 quare
1151 800 1468 864 detonsus
1491 801 1796 883 gurgulio
1822 808 2009 866 extat
2027 804 2057 865 'l

495 903 808 986 Quinque
837 904 1225 985 palaestritae
1256 904 1416 967 licet
1443 904 1592 967 haec
1622 905 1950 987 plantaria
1981 906 2249 983 vellant,

500 1003 873 1089 Elixasque
901 1011 1088 1069 nates
1116 1004 1513 1070 labefactent
1542 1007 1794 1090 forcipe
1824 1007 2109 1085 adunca,

500 1105 662 1171 Non
690 1111 911 1171 tamen
940 1108 1071 1171 ista
1096 1106 1239 1169 filix
1271 1108 1411 1171 ullo
1441 1109 1845 1173 mansuescit
1874 1113 2112 1173 aratra.

585 1206 950 1286 CaedimuS,
982 1209 1179 1293 inque
1210 1210 1421 1273 vicem
1438 1211 1827 1293 -praebemus
1859 1231 2057 1275 cmra
2090 1211 2373 1293 sagittis,

513 1309 780 1374 Vivitur
807 1309 932 1374 boc
964 1317 1196 1394 pacto:
1244 1312 1342 1375 sic
1370 1315 1694 1376 novimus,

1785 1312 1916 1376 Ilia
1945 1314 2170 1376 subter

495 1508 648 1571 pulset
668 1507 842 1566 cubito,
862 1513 909 1558 et
931 1508 1110 1557 acriter
1130 1508 1378 1558 invehatur
1398 1508 1449 1559 in
1472 1524 1621 1559 mores
1642 1514 1764 1559 tuos.
1799 1510 1829 1539 ⁸
1863 1508 1893 1538 ³*
1928 1510 2318 1573 Quandoquidem
2341 1514 2396 1558 lu
2417 1508 2718 1559 dixu-inim

490 1574 683 1636 pectine
716 1587 974 1637 genapum
1010 1575 1175 1623 balano
1207 1580 1417 1637 unctum,
1464 1576 1493 1602 ⁵
1528 1575 1558 1604 ⁸
1605 1575 1921 1638 Ferentinum,
1952 1581 2000 1624 et
2023 1575 2228 1624 ticissim
2247 1590 2388 1624 crura
2413 1581 2589 1625 nostra
2610 1574 2717 1621 telis

1431 1730 1605 1750 000000

1611 1729 1787 1751 ‘‘‘‘‘‘

504 1836 673 1880 ratum
713 1830 961 1895 legimus:
998 1832 1234 1895 Despuat,
1256 1832 1307 1881 1ιί
1330 1846 1482 1881 mores
1499 1847 1751 1896 penemque
1785 1832 2079 1895 archonque
2114 1830 2403 1881 maht—8⁷
2443 1830 2576 1879 'nnn
2610 1843 2714 1876 een

504 1911 635 1945 max.
663 1897 765 1945 Ms.
793 1898 855 1947 R.
881 1903 936 1947 et
963 1898 1153 1947 0.-38
1187 1902 1318 1947 extet
1345 1898 1449 1946 Ms.
1471 1898 1590 1947 Gal.

1501 2036 1548 2085 N
1557 2033 1715 2085 01·AE

498 2145 674 2197 cubito
717 2152 945 2196 stantem
993 2159 1158 2212 prope
1205 2154 1420 2214 tangens
1478 2149 1564 2199 In-

503 2221 687 2288 quiet?

566 2302 629 2347 ³5
665 2300 878 2362 Despuat
898 2300 947 2349 in
970 2302 1140 2366 mores]
1171 2302 1564 2366 ‘turpitudinem

505 2381 646 2425 tuam
681 2382 975 2440 execretur,
1016 2378 1261 2441 graphice
1296 2378 1567 2443 depingat,

504 2450 803 2501 Vectidium
821 2452 1118 2503 ulciscatur.
1176 2455 1305 2505 Cum
1330 2453 1569 2506 foetidum

505 2530 630 2595 quid
647 2545 963 2592 aversamur,
986 2532 1314 2597 despuimus:
1350 2534 1470 2584 binc
1493 2536 1570 2583 de-

503 2621 669 2670 spuere
704 2606 959 2669 significat
994 2608 1275 2658 abominari
1314 2625 1375 2658 ac
1400 2611 1569 2659 detes-

506 2683 605 2733 tari
629 2684 907 2749 quidpiam.
975 2686 1149 2735 Plaut.
1173 2686 1377 2736 Asinar.
1402 2693 1504 2736 act.
1530 2700 1569 2736 1.

499 2774 572 2808 sc.
598 2763 642 2809 1.
675 2760 690 2786 ‘
714 2760 895 2823 Teque
920 2759 1135 2811 obsecro
1159 2763 1351 2824 hercle,
1374 2771 1430 2812 ut
1454 2778 1570 2827 quae

497 2836 700 2885 locutus
724 2835 981 2899 despuas!

566 2913 629 2958 ³7
670 2911 744 2958 Τιι
764 2926 867 2959 cum
890 2912 1121 2975 maxillis]
1177 2913 1226 2963 Ο
1254 2913 1412 2977 Nero,
1444 2913 1569 2962 deli-

506 2985 601 3034 ciis
623 2991 679 3034 et
703 2986 907 3035 luxuria
932 2988 1154 3051 perdite,
1174 3003 1290 3038 cnm
1314 2996 1460 3038 tanta
1483 3005 1571 3039 cu-

507 3076 566 3110 ra
588 3076 785 3110 comam
806 3064 932 3125 alas,
969 3072 1170 3128 pectas,
1208 3079 1390 3129 ungas,
1411 3073 1570 3131 atque

505 3150 713 3198 semper
757 3136 807 3184 in
846 3140 1032 3201 gradus
1072 3138 1282 3200 formes,
1325 3140 1568 3204 pudendo

503 3226 628 3261 sane
652 3222 706 3261 et
730 3214 880 3264 nimio
904 3216 1081 3275 cultu·‚
1117 3225 1174 3265 ut
1200 3223 1421 3265 testatur
1441 3218 1568 3267 Sue-

505 3293 616 3337 ton.
638 3303 684 3338 c.
709 3296 789 3340 51.

565 3364 811 3430 Mna-mis]
868 3369 1100 3417 Dentato
1138 3368 1298 3417 instar
1336 3369 1567 3419 maxilla-

505 3454 617 3489 rum
644 3442 869 3505 pectine.

571 3517 883 3580 Balantum]
940 3517 1215 3568 Perfusum
1263 3534 1324 3568 ac
1370 3518 1569 3568 delibu-

507 3599 615 3641 tum
640 3602 902 3658 unguento
923 3593 1183 3656 balanino,
1202 3609 1294 3644 seu
1318 3610 1347 3644 e
1370 3596 1569 3645 balano.

502 3667 725 3717 Baianus
747 3676 921 3718 autem
943 3677 1023 3718 est
1062 3671 1207 3734 glans
1241 3687 1327 3720 seu
1368 3669 1568 3719 fructus

498 3744 783 3793 arbusculas
823 3760 923 3793 non
944 3737 1207 3796 ¹absimilis
1240 3748 1359 3797 nuci
1384 3748 1569 3796 avella-

500 3833 613 3868 nae:
649 3819 769 3868 inde
806 3819 964 3869 fiebat
1004 3823 1315 3887 exquisitum
1342 3838 1569 3884 unguen-

502 3901 610 3943 tum
635 3900 689 3942 et
711 3894 897 3943 oleum.
969 3896 1105 3944 Plin.
1132 3909 1297 3946 xxm.
1316 3904 1364 3947 5.
1428 3899 1563 3948 Item

498 3984 546 4020 c.
567 3973 619 4017 4.
642 3968 875 4031 ejusdem
902 3970 1018 4018 libri
1040 3987 1051 4018 :
1086 3974 1101 3998 ‘
1128 3972 1434 4022 Balaninum
1460 3975 1565 4026 ole-

500 4060 585 4094 um
625 4043 903 4108 repurgat:
945 4047 1131 4109 inquit,
1171 4048 1373 4109 ‘varos,
1412 4050 1564 4099 lenti·

500 4122 679 4187 gines,’
704 4125 804 4171 dcc.
858 4121 1101 4172 Meminit
1123 4130 1178 4172 et
1199 4124 1364 4173 balani
1387 4126 1421 4174 Ι.
1439 4139 1564 4177 xm.

497 4213 545 4249 c.
584 4204 632 4249 l.
656 4205 710 4248 et
748 4203 797 4249 4.
868 4198 1116 4251 Horatius
1156 4198 1245 4250 lib.
1269 4214 1355 4250 m.
1391 4202 1562 4253 carm.

1646 2148 1750 2200 Od.
1780 2154 1863 2199 29.
1897 2151 1914 2178 ‘
1936 2148 2128 2199 Pressa
2167 2148 2270 2197 tuis
2309 2145 2523 2195 balanus
2556 2142 2713 2206 capil-

1646 2224 1744 2273 lis?

1717 2300 1958 2363 Goasupe]
1980 2300 2149 2350 Vestis
2167 2307 2282 2349 erat
2299 2299 2435 2347 hirta
2447 2304 2503 2348 et
2521 2296 2715 2356 villosa,

1651 2376 1768 2426 vide
1792 2377 1901 2425 Sat.
1926 2391 1998 2426 vr.
2024 2381 2105 2425 46.
2139 2385 2194 2424 et
2217 2390 2332 2439 qum
2373 2389 2465 2422 nos
2493 2373 2559 2422 ad
2596 2388 2713 2422 eum

1650 2453 1836 2502 locum.
1904 2452 1978 2502 At
2012 2453 2097 2503 bic
2120 2468 2216 2517 per
2251 2450 2601 2514 metaphoram
2626 2464 2714 2515 po·

1650 2529 1791 2577 nitur
1826 2543 1921 2591 pro
1960 2528 2142 2588 barba,
2181 2529 2264 2576 vel
2301 2527 2590 2590 capillitio;
2644 2526 2710 2574 ob

1650 2604 2041 2654 similitudinem
2081 2605 2335 2663 villorum,
2374 2602 2626 2662 mollitiei,
2658 2610 2714 2651 et

1649 2678 1940 2729 artificiosae
1977 2686 2200 2728 textum
2230 2694 2562 2742 guasaporm,
2597 2693 2712 2742 quae

1649 2755 1806 2803 etiam
1828 2751 2123 2818 significant
2145 2760 2350 2817 tapetes
2371 2753 2631 2816 pretiosos
2658 2759 2715 2802 et

1651 2832 1852 2893 molles,
1907 2834 2085 2896 quales
2144 2845 2237 2879 nos
2281 2831 2435 2881 bodie
2470 2832 2713 2880 ancieos

1648 2908 1981 2971 appellamus,
2050 2907 2218 2972 inquit
2265 2906 2502 2956 eruditus
2555 2906 2714 2955 Scali-

1648 2999 1760 3043 zer.

1713 3065 1778 3110 42
1816 3062 2071 3124 Coedt'mns,
2095 3062 2234 3124 inque
2256 3057 2420 3122 vicem,
2452 3059 2562 3123 ξω]
2629 3057 2710 3107 Sic

1649 3135 1738 3197 fit;
1795 3138 1964 3187 aliena
2017 3134 2219 3201 flagitia
2275 3135 2714 3199 reprehendimus,

1648 3214 1869 3276 hincque
1894 3213 2182 3276 praebemus
2206 3227 2381 3261 ansam
2404 3212 2518 3260 aliis
2540 3219 2714 3261 nostra

1647 3288 1939 3338 vellicandi.
1973 3288 2127 3340 Quod
2161 3289 2205 3337 si
2229 3289 2342 3338 aliis
2368 3301 2712 3350 parceremus,

1647 3364 1796 3412 nobis
1836 3379 1935 3413 non
1970 3365 2126 3424 item;
2168 3365 2349 3413 melius
2373 3365 2535 3412 multo
2559 3364 2712 3412 rebus

1648 3439 1841 3489 nostris
1864 3442 2261 3490 consuleremus.
2329 3438 2601 3503 Allegoria
2633 3445 2712 3489 est

1648 3529 1680 3563 a
1694 3515 2102 3566 Gladiatoribus.
2159 3518 2349 3566 Horat.
2370 3515 2460 3565 lib.
2477 3529 2540 3564 u.
2560 3515 2711 3578 epist.

1651 3596 1701 3640 2.
1737 3596 1752 3620 ‘
1776 3592 2057 3654 Caedimur,
2080 3600 2137 3643 et
2162 3593 2381 3642 totidem
2406 3593 2574 3656 plagis
2596 3606 2713 3641 eon-

1650 3669 1894 3717 sumimus
1908 3669 2145 3719 hostem!

1712 3748 1775 3794 48
1819 3745 2007 3794 Vivitur
2029 3746 2115 3794 hoc
2130 3745 2294 3808 meto]
2359 3743 2464 3793 Alii
2499 3743 2712 3793 aliorum

1644 3828 1851 3885 norunt,
1874 3824 2127 3885 revelant,
2145 3831 2201 3872 et
2216 3824 2461 3872 ‹lamnant
2483 3821 2712 3885 quotidie

1648 3897 1800 3947 vitia:
1838 3900 2059 3962 quisque
2092 3899 2232 3947 velat
2257 3913 2367 3958 sua,
2405 3905 2461 3946 et
2482 3903 2711 3957 excusat,

1644 3973 1904 4022 interdum
1922 3975 2080 4023 etiam
2106 3975 2258 4038 plane
2279 3974 2495 4036 ignorat.

1708 4047 1791 4098 Sic
1811 4049 2047 4112 novimas]
2120 4049 2206 4099 sic
2251 4050 2426 4098 vivere
2464 4055 2521 4098 et
2558 4062 2710 4111 agere

1645 4125 1934 4176 didicimus.
1982 4127 2101 4186 Vel,
2121 4126 2197 4175 sic
2226 4132 2329 4187 est,
2350 4141 2382 4174 o
2410 4126 2574 4185 Nero,
2597 4139 2709 4188 qnae

1643 4202 1876 4252 occultas
1914 4208 1969 4252 et
2008 4202 2187 4267 ignota
2227 4209 2396 4266 putas,
2434 4207 2710 4265 perspecta
