3050 4913
468 347 640 415 1210

464 506 663 567 labore
689 527 760 566 ac
788 506 988 581 taedio,
1032 527 1303 586 expressa
1344 519 1501 579 sunt,
1544 530 1611 570 ea
1640 510 1810 585 plane
1851 508 1970 568 fide
1999 518 2057 569 et
2084 507 2384 589 religione,
2427 522 2495 573 01
2521 534 2683 591 quo·

465 602 785 663 dammodo
831 603 1148 663 verendum
1194 606 1365 664 uobis
1413 606 1662 676 videam,
1709 626 1784 665 ne
1827 606 2221 684 superstitioni
2264 609 2528 688 plerique
2570 622 2682 672 aut

464 700 850 778 negligentiae,
879 703 1143 761 nonnulli
1171 704 1344 762 etiam
1376 704 1679 783 imperitiae
1706 703 2023 774 ascribant,
2063 705 2222 781 quod
2253 708 2463 766 veteris
2490 708 2686 786 scrip·

465 807 610 856 turae
640 797 775 855 vitia
808 797 1095 857 interdum
1125 798 1369 859 retinere
1399 799 1724 870 maluimus,
1756 818 1934 878 quam
1965 802 2327 877 conjectuiis
2347 823 2421 861 ex
2443 803 2687 882 ingenio

466 893 816 965 emendare,'
857 906 973 955 cet.
1057 896 1265 956 Simile
1307 908 1676 975 rectumque,
1718 896 1946 974 opinor,
1979 897 2277 971 judicium
2318 899 2395 958 de
2425 897 2689 961 Sabou&

463 989 576 1052 iuis
605 990 704 1048 alii
732 1011 973 1069 quoque
1004 993 1188 1054 tulere
1230 994 1336 1053 viri
1361 995 1544 1064 docti,
1589 1015 1645 1054 v.
1675 1014 1731 1053 0.
1763 994 2111 1064 Henuiuius,
2154 995 2257 1072 qui
2289 1014 2405 1054 non
2433 997 2583 1057 male
2606 1018 2688 1058 ea

471 1084 736 1146 Velm-um
769 1087 1006 1149 Scholia
1046 1090 1242 1150 vocari
1279 1091 1558 1168 jubebat,
1599 1100 1664 1149 et
1693 1090 1939 1160 Ernesti,
1989 1090 2096 1167 qui
2124 1090 2197 1149 ad
2245 1091 2492 1151 Fabricii
2519 1094 2681 1155 Bibi.

1140 364 1531 414 RECENSUS
1582 364 2010 414 ssm'rtomm

467 1182 597 1242 Lat.
624 1185 701 1243 T.
733 1201 810 1245 11.
840 1205 901 1264 p.
935 1186 1074 1249 360.
1103 1190 1231 1248 haec
1259 1188 1597 1248 annotavit:
1643 1196 1660 1221 ‘
1687 1188 1823 1247 Non
1855 1186 2025 1246 unius
2054 1188 2316 1247 auctoris
2344 1209 2494 1261 esse,
2536 1212 2680 1269 quoe

465 1280 531 1339 Ρ.
562 1281 826 1341 Pithoeus
868 1283 981 1342 sub
1023 1287 1234 1344 veteris
1264 1284 1613 1345 Scholiasta
1653 1283 1888 1342 nomine
1920 1283 2198 1361 vulgavit,
2241 1285 2380 1344 satis
2408 1297 2500 1346 est
2541 1307 2683 1366 per-

462 1376 751 1456 spicuum.
847 1384 1004 1440 Ante
1060 1382 1353 1442 Pithoeum
1409 1381 1686 1461 quodam
1744 1380 2086 1460 vulgaverat
2134 1384 2249 1441 Ge.
2299 1381 2484 1452 Valla,
2539 1403 2682 1462 quae

464 1475 672 1535 Probo
726 1480 954 1537 auctori
1011 1479 1235 1540 tribuit.
1318 1480 1429 1541 Sed
1482 1479 1696 1540 Valerii
1747 1479 1947 1550 Probi,
1998 1478 2219 1558 Berytii
2267 1481 2683 1551 Grammatici,

460 1589 587 1630 esse
617 1584 934 1652 nequeunt,
978 1596 1112 1655 quae
1139 1578 1199 1636 in
1228 1577 1580 1655 quibusdam
1621 1587 1820 1655 aperte
1850 1577 2085 1654 sapiunt
2129 1596 2321 1636 :evum
2351 1577 2684 1655 Imperato-

463 1687 588 1727 rum
644 1672 1151 1735 Christiauorum.¹
1264 1677 1475 1755 ltaque
1530 1675 1748 1736 fuerint
1815 1675 2052 1734 alterius
2107 1673 2305 1744 Probi,
2376 1672 2689 1751 scriptoris

528 1846 545 1873 ¹
584 1846 855 1913 Exempla
907 1851 975 1901 ad
1030 1868 1147 1917 qua:
1203 1854 1413 1905 Ernesti
1454 1868 1532 1903 re·
1610 1852 2010 1903 manducabant.
2075 1857 2182 1901 tres
2219 1856 2391 1901 autem
2415 1848 2597 1899 lectuli
2628 1863 2689 1899 e·

462 1921 652 1985 spe-it,
678 1924 792 1986 jam
827 1926 1121 1977 excitarunt
1149 1930 1254 1979 alii.
1318 1931 1406 1979 Sic
1441 1930 1530 1979 Pi·
1610 1937 1743 1991 rant,
1778 1929 1830 1977 iu
1864 1929 2052 1993 quibus
2077 1926 2498 1976 discumbebant:
2540 1925 2685 1976 uude

461 1998 646 2059 tineus,
704 2001 840 2064 quod
880 2017 944 2050 ex
982 2004 1158 2055 verbis
1214 2006 1326 2069 ejus
1370 2022 1531 2071 supra
1606 2005 1758 2055 bodie
1782 2005 1993 2054 triclinio
2026 2003 2391 2069 appellantur!
2457 2001 2540 2052 Ad
2564 2003 2686 2053 11.1.

460 2073 704 2137 ascriptis
736 2076 977 2140 conjicio,
998 2080 1100 2131 1100
1122 2083 1359 2131 retulisse
1387 2082 1530 2133 vide·
1607 2078 1856 2131 Schurzfl.
1913 2080 2025 2129 haec
2075 2078 2374 2128 annotavit:
2458 2079 2474 2106 ⁸
2509 2079 2689 2128 Vetus

460 2155 546 2197 tur
586 2150 829 2200 Scholia:
891 2159 938 2204 1.
983 2156 1046 2205 ad
1093 2158 1202 2209 Sat.
1248 2172 1366 2209 xiv.
1415 2163 1529 2211 1⁰2.

460 2226 475 2252 ‘
493 2225 990 2292 Moyses,sacerdos,
1001 2235 1082 2282 vel
1102 2249 1193 2284 rex
1208 2235 1322 2299 ejus
1339 2236 1532 2301 gentis,

459 2309 551 2351 aut
592 2303 753 2368 ipsius
800 2307 1009 2370 quidem
1057 2312 1319 2375 religionis
1359 2314 1534 2363 iuven·

461 2385 572 2439 tor:
618 2382 763 2444 eujus
806 2383 1077 2435 Cornelius
1119 2389 1277 2438 etiam
1319 2391 1532 2440 Tacitus

459 2455 729 2507 meminit!
793 2464 842 2510 2.
876 2462 941 2512 ad
964 2464 1071 2516 Sat.
1096 2478 1216 2517 xiv.
1237 2472 1318 2518 78.
1385 2471 1402 2498 ‘
1416 2484 1531 2533 por·

457 2537 637 2598 temque
657 2538 899 2589 cadaveris
918 2541 1194 2593 homiuum.
1261 2559 1375 2594 nam
1398 2547 1530 2597 anti-

460 2610 547 2674 qui
569 2612 785 2663 mribus
806 2614 1070 2679 figebant!
1125 2619 1205 2668 Ad
1232 2636 1347 2685 quae
1370 2623 1530 2672 verba

460 2687 693 2738 Pitboeus
737 2695 960 2743 eontulit
1005 2695 1279 2757 Augustin.
1324 2698 1523 2750 Qua-st.

460 2763 512 2812 in
566 2765 688 2816 Vet.
729 2769 958 2820 Testam.
1038 2774 1056 2799 ⁸
1080 2771 1254 2822 Antea
1293 2773 1525 2825 homiues

458 2841 600 2890 eruci
633 2841 940 2908 figebantur,
969 2848 1106 2910 quod
1140 2857 1321 2911 postea
1352 2849 1529 2900 edicto

460 2917 773 2980 prohibitum
797 2922 1009 2971 manet.'
1080 2923 1198 2973 Hoc
1232 2939 1356 2974 vero
1390 2926 1531 2976 edic-

461 2998 570 3039 tum
583 2992 925 3045 Constantino
940 2997 1098 3047 tribui
1117 3009 1289 3049 monet
1311 3017 1341 3049 a
1356 3001 1529 3067 Scrip-

460 3067 657 3116 toribus
702 3070 947 3122 Historiae
992 3075 1298 3128 Ecclesiast.
1368 3083 1418 3130 3.
1462 3080 1531 3129 ad

456 3143 566 3192 Sat.
594 3157 719 3196 vm.
758 3151 869 3196 170.
935 3151 951 3177 ⁴
973 3151 1183 3202 Rhenus
1218 3154 1356 3205 iuter
1389 3155 1532 3206 Alla-

457 3223 713 3270 mauniam
755 3231 811 3273 et
848 3224 1031 3276 Gallos
1073 3229 1287 3280 Oceano
1324 3230 1530 3284 influit!

458 3293 544 3343 Ibi
584 3296 813 3348 Pithoeus
873 3303 1117 3367 ascripsit
1173 3306 1335 3356 verba
1368 3308 1529 3371 Spar-

461 3371 587 3421 tiani
621 3373 718 3422 sub
745 3375 1000 3427 Proculo:
1037 3382 1053 3408 ‘
1076 3379 1408 3444 Alemanuos,
1439 3384 1529 3448 qui

458 3454 582 3498 tuuc
623 3448 790 3498 adhuc
832 3451 1079 3505 Get-mani
1117 3455 1525 3510 dicebantur!—

455 3523 576 3575 Alia
615 3526 906 3590 hujusmodi
940 3529 1151 3581 Scholia
1188 3535 1388 3585 notavit
1412 3535 1522 3599 jam

453 3601 842 3654 Schurzsseiseh.
888 3606 941 3654 in
992 3607 1240 3674 spicileg.
1284 3611 1527 3661 Animad-

448 3692 613 3742 versa.
640 3680 704 3729 ad
727 3680 914 3732 Juven.
938 3684 1070 3733 Satt.
1094 3698 1208 3736 xvt.
1242 3701 1292 3734 v·
1314 3702 1362 3736 0.
1398 3687 1523 3736 illud

456 3756 519 3803 ad
545 3769 622 3804 xi.
658 3762 739 3806 87.
767 3759 817 3806 111
852 3774 953 3823 quo
976 3774 1039 3808 ex
1075 3776 1169 3811 usu
1202 3763 1371 3812 aetatis
1393 3764 1525 3814 Con-

455 3832 666 3880 stantini
712 3833 788 3883 M.
834 3836 1068 3898 magister
1108 3839 1345 3890 aer-citus
1393 3841 1442 3889 11.
1477 3856 1523 3892 0.

453 3908 692 3968 militum,
709 3911 1061 3976 στρατηλάτης,
1089 3913 1527 3980 στρατοπεδάρχης,

454 3991 511 4033 01
544 3983 646 4033 1100
668 3986 789 4047 alia,
822 3988 871 4036 in
903 3991 1091 4052 quibua
1114 3992 1407 4041 Dianam-i
1435 4009 1523 4057 μι-

450 4060 588 4109 tricii
608 4071 992 4124 memorantur,
1027 4079 1124 4115 nec
1142 4081 1241 4115 nou
1260 4068 1324 4115 ad
1341 4068 1452 4116 Sat.
1472 4082 1521 4117 v.

458 4141 537 4186 17.
600 4137 616 4165 ‘
636 4135 794 4201 Apud
825 4145 1027 4188 veteres
1059 4143 1381 4192 mutatorum
1402 4158 1521 4192 usus

454 4227 558 4266 uon
586 4221 719 4279 erat,
753 4213 843 4265 sed
869 4214 922 4265 in
954 4215 1160 4267 lectulis
1188 4218 1527 4270 discumbentes

1609 2158 1780 2207 Schol.
1822 2165 2019 2220 monet,
2059 2164 2263 2205 veteres
2303 2170 2404 2205 non
2436 2154 2685 2206 habuisse

1607 2234 1820 2284 occubitu
1840 2234 1894 2284 11.
1915 2249 1963 2283 0.
1981 2232 2222 2299 στρωμνὰς
2243 2230 2306 2281 εἰς
2329 2232 2440 2295 ὕψος
2458 2230 2687 2297 'lma-bros,

1611 2310 1761 2360 sedes
1797 2310 1862 2359 ad
1901 2325 2145 2369 mensam,
2185 2308 2251 2358 ad
2291 2324 2443 2373 quam
2474 2323 2684 2359 accum-

1611 2385 1770 2445 bitur,
1791 2386 1883 2436 sed
1899 2386 2215 2435 discubuisse
2232 2385 2296 2434 ad
2311 2399 2531 2437 mensas.
2577 2384 2685 2435 His

1609 2464 1785 2514 verbis
1822 2472 1950 2529 puto
1984 2478 2149 2513 :evum
2188 2463 2339 2528 hujus
2373 2463 2686 2528 interpret-ia

1607 2541 1816 2605 sequius
1841 2540 2080 2602 iudicari,
2109 2554 2211 2604 qno
2224 2541 2337 2604 jani
2362 2553 2484 2591 usus
2513 2540 2687 2589 incre·

1609 2617 1723 2666 buit
1755 2617 1820 2666 ad
1854 2630 2053 2666 mensas
2086 2614 2414 2665 considendi:
2451 2614 2504 2663 id
2541 2614 2682 2664 enim

1606 2692 1925 2757 significatur
1947 2691 2137 2754 verbis,
2167 2693 2290 2740 ande
2310 2691 2448 2739 hodie
2467 2690 2689 2741 triclinia

1605 2771 1918 2835 appellantur,
1952 2783 2070 2818 cum
2106 2767 2366 2817 :deliniun-
2406 2767 2458 2816 iu
2497 2766 2688 2830 glossis

1607 2846 1814 2897 biblicis
1850 2846 1988 2911 apud
2015 2843 2357 2896 Dut’reauium
2388 2849 2687 2907 exponatur

1607 2928 1705 2973 tres
1755 2924 1946 2972 oraim
1996 2919 2211 2971 zedim:
2280 2919 2550 2983 Exemplis
2602 2919 2689 2970 bis

1608 3001 1891 3067 adjicerem
1927 2999 2047 3061 alia,
2092 2999 2133 3048 si
2174 3012 2257 3048 res
2297 2998 2360 3047 iis
2399 2998 2688 3063 indigeret.

1613 3081 1732 3130 Non
1785 3092 1911 3126 vero
1968 3073 2202 3140 ejusdem
2264 3074 2509 3125 Auctoris
2563 3089 2685 3124 esse

1611 3156 1913 3205 Glossarum
1928 3151 2130 3200 illarum
2145 3151 2583 3214 compilationem,
2595 3151 2690 3200 alii

1607 3244 1811 3296 quoque
1828 3228 1950 3280 inde
1970 3226 2272 3292 probarunt,
2295 3227 2434 3292 quod
2453 3242 2694 3278 nonnun-

1608 3321 1760 3372 quam
1782 3306 1880 3355 sibi
1905 3311 2211 3369 repugnant,
2246 3320 2292 3356 v.
2317 3319 2362 3354 0.
2391 3306 2603 3355 Salmas.
2627 3304 2689 3355 111

1607 3383 1795 3433 Exere.
1832 3380 1971 3430 Plin.
2005 3395 2071 3429 ex
2097 3380 2269 3430 Schol.
2296 3379 2360 3430 ad
2395 3395 2471 3430 ιν.
2507 3385 2589 3430 38.
2624 3389 2687 3432 01

1606 3473 1706 3510 vn.
1735 3463 1816 3509 92.
1886 3457 2025 3508 Illud
2054 3466 2165 3508 est:
2201 3461 2218 3486 ‘
2238 3459 2357 3508 Hoc
2390 3458 2682 3508 convicium

1604 3537 1657 3587 in
1682 3537 1758 3587 ΡΙ.
1779 3536 2149 3597 Domitianum,
2166 3537 2270 3585 Titi
2293 3533 2533 3598 fratrem,
2551 3537 2688 3585 Ves-

1606 3614 1799 3679 pasiani
1821 3612 2006 3675 filium,
2028 3612 2224 3675 jactat,
2249 3613 2340 3677 qui
2361 3611 2538 3661 calvus
2561 3611 2686 3676 fnit,

1605 3698 1665 3740 ut
1705 3689 1978 3739 Suetonius
2020 3687 2221 3737 refert:
2279 3695 2493 3751 propter
2537 3688 2682 3752 quod

1606 3767 1641 3818 J
1648 3766 1877 3817 uvenalin
1893 3766 1988 3814 sub
2004 3766 2175 3828 specie
2194 3765 2398 3813 honoris
2417 3766 2682 3829 relegatus

1606 3851 1687 3893 est
1736 3843 1802 3893 ad
1844 3841 2074 3891 cohortis
2115 3855 2291 3890 curam
2333 3841 2384 3889 in
2429 3840 2683 3905 AEgypto,

1609 3919 1801 3979 Hoasa,
1828 3918 1917 3967 uhi
1941 3925 2172 3965 mortuus
2195 3916 2312 3966 est.'
2382 3917 2500 3967 Hoc
2520 3932 2649 3968 vero
2664 3934 2682 3969 :

1603 4000 1619 4024 ‘
1639 3999 1899 4047 Neronem
1933 3994 2210 4062 significat,
2243 3998 2333 4062 qui
2362 3998 2576 4047 scenicis
2609 3997 2682 4048 ob

1606 4081 1809 4138 turpem
1867 4073 2131 4124 libidinem
2195 4074 2308 4124 baec
2377 4074 2683 4138 petentibus

1603 4150 1909 4213 praestabat.
1998 4150 2225 4214 Propter
2280 4151 2413 4201 hunc
2469 4165 2680 4201 versum

1603 4226 1786 4277 missus
1808 4233 1891 4279 est
1924 4224 1977 4278 iu
1998 4226 2238 4277 exsilium
2272 4242 2302 4276 a
2322 4224 2540 4279 Claudio
2569 4225 2681 4277 Ne·
