3050 4913
1153 350 1604 404 mvmuus.
2312 340 2488 409 1257

272 511 427 575 edit.
467 528 627 593 quae
655 508 979 592 proxima
1005 509 1203 572 nobis
1223 528 1295 572 se
1317 507 1528 585 offert,
1554 514 1657 573 est
1683 510 1831 573 haec
1860 509 2007 592 ipsa
2035 499 2480 592 Rupertiana,

274 615 376 677 cui
420 613 521 677 tit.
582 611 663 674 D.
699 609 768 674 J.
808 610 853 673 J
861 630 971 673 uv.
1007 608 1256 692 Aquin.
1306 609 1450 673 Sat.
1486 627 1649 675 xv1.
1681 610 1767 674 ad
1796 612 2192 694 optimorum
2240 612 2490 677 Exem-

274 715 551 800 plnrium
585 712 784 775 fidem
816 714 1182 787 recensitae,
1214 709 1552 775 Varietate
1590 712 2000 790 Lectionum,
2032 723 2488 800 perpetuoque

276 817 763 882 Commentario
812 816 1185 892 illustratae,
1247 821 1315 881 et
1377 816 1596 880 indice
1655 818 1981 882 uberrimo
2031 819 2392 897 instructae,
2447 839 2491 885 a

280 920 393 985 Ge.
423 919 632 982 Alex.
669 917 975 1001 Ruperti.
1003 919 1047 983 2
1075 920 1206 983 vol.
1235 918 1390 984 Svo.
1421 918 1697 1002 Lipsiae,
1733 920 1922 984 1801.

351 1022 621 1085 Praeter
651 1041 754 1098 ea,
804 1041 962 1105 quae
1007 1023 1076 1085 in
1119 1023 1245 1086 hoc
1293 1021 1426 1086 Tit.
1458 1029 1802 1105 apparent,
1834 1022 2108 1088 exhibet
2133 1023 2276 1088 haec
2324 1018 2482 1089 edit.

278 1123 481 1189 Codd.
511 1123 692 1189 Mss.
718 1121 1107 1201 Elenchum,
1129 1131 1196 1189 et
1213 1122 1815 1188 Commentationes
1833 1123 1917 1187 de
1934 1122 2100 1189 Vita
2116 1124 2161 1187 J
2165 1126 2486 1203 uvenalis,

279 1225 352 1289 de
381 1225 852 1290 Romanorum
879 1225 1103 1290 Satira
1133 1232 1198 1289 et
1226 1225 1538 1289 Satiricis
1570 1223 1826 1303 Poetis,
1857 1225 2216 1308 horumque
2244 1228 2490 1309 princi-

279 1329 502 1412 pibus,
537 1348 693 1392 cum
724 1328 881 1392 aliis
913 1327 1335 1410 quibusdam.

360 1429 529 1494 Non
558 1431 762 1493 nobis
792 1448 964 1512 opus
991 1435 1119 1507 est,
1148 1430 1319 1494 hanc
1350 1430 1674 1513 optimam
1715 1430 1870 1496 edit.
1900 1432 2213 1496 laudibus
2239 1432 2491 1515 magni-

283 1531 420 1597 ficis
447 1551 633 1595 nnnc
678 1532 1001 1614 temporis
1046 1532 1386 1610 extollere,
1436 1552 1560 1597 nec
1605 1534 1879 1617 requirit
1920 1535 2251 1618 propositi
2297 1534 2490 1613 ratio,

283 1654 397 1699 nos
424 1634 685 1717 aliquid
713 1635 777 1698 ei
809 1633 1163 1698 detrahere.
1249 1634 1544 1698 Textum
1572 1639 1951 1712 correctum,
1999 1637 2492 1714 concinnatum,

285 1735 698 1800 elaboratum
743 1736 1023 1821 jamjam
1050 1737 1219 1801 satis
1246 1738 1848 1820 pronunciaverunt
1879 1737 2083 1799 variae
2123 1735 2306 1800 editt.
2335 1755 2492 1821 quae

288 1844 412 1902 tam
441 1838 635 1922 apud
661 1844 930 1903 exteros
974 1858 1175 1921 quam
1221 1838 1400 1922 apud
1448 1843 1774 1902 nostrates
1801 1837 2162 1902 secundum
2204 1837 2375 1902 hanc
2402 1837 2500 1902 es-

286 1940 580 2005 formatae
629 1946 802 2004 sunt.
894 1939 1224 2018 Quaedam
1275 1941 1533 2004 omissa
1577 1941 1648 2003 in
1691 1940 1847 2004 edit.
1894 1940 2323 2023 subsequenti
2372 1959 2495 2005 nos

291 2062 459 2125 aegre
487 2043 660 2107 ferre
689 2044 759 2106 in
785 2061 981 2127 pagg.
1012 2041 1550 2126 praecedentibus
1592 2062 1725 2106 non
1751 2043 2176 2125 negavimns3
2221 2061 2310 2106 an
2335 2059 2498 2106 vero

292 2147 496 2210 critici
526 2147 656 2210 viri
681 2145 999 2210 felicioris
1025 2145 1272 2227 ingenii
1313 2150 1380 2208 et
1403 2145 1743 2228 amplioris
1770 2143 2090 2209 doctrinae
2116 2145 2314 2209 nobis
2340 2163 2500 2210 con-

292 2250 597 2326 sentiant,
622 2267 829 2331 penes
849 2250 1038 2331 ipsos
1060 2247 1204 2311 erit.
1292 2244 1432 2309 Ubi
1458 2247 1794 2329 superflua
1821 2245 2402 2325 circumcidantur,
2429 2252 2498 2315 et

290 2350 666 2433 sphalmata
690 2351 1126 2433 corrigantur,
1156 2351 1264 2414 vel
1284 2366 1464 2414 nova
1483 2349 1788 2413 subsidia
1814 2348 2275 2427 adhibeantur,
2304 2354 2494 2414 erunt

292 2454 398 2537 qui
427 2453 564 2517 sibi
592 2453 927 2538 doctoque
957 2454 1101 2519 viro
1130 2452 1555 2536 gratulentur.

368 2555 698 2639 Repetita
738 2557 896 2621 edit.
956 2558 1043 2622 ab
1097 2556 1333 2621 eodem
1378 2554 1502 2620 Ge.
1556 2553 1761 2619 Alex.
1797 2551 2150 2636 Rupertio,
2196 2553 2497 2636 Gotting.

290 2655 747 2724 moa—Edit.
778 2658 1126 2742 praesentis
1152 2656 1474 2723 rationem
1501 2657 1713 2722 verba
1738 2655 1960 2738 ipsius
2001 2653 2313 2738 Rupertii
2340 2654 2499 2740 (sub

293 2757 394 2825 fin.
425 2758 993 2825 Observationum
1021 2761 1105 2825 de
1132 2760 1482 2827 Iuvenalis
1511 2756 1757 2843 Editt.)
1783 2757 2022 2822 melius
2050 2758 2503 2842 explicabunt,

295 2877 489 2945 qnam
569 2866 844 2929 nostra:
930 2867 955 2898 ‘
975 2863 1179 2929 Hanc
1247 2863 1598 2928 editionem
1661 2881 1835 2927 nunc
1904 2862 1974 2925 in
2041 2859 2504 2944 compendium

294 2963 544 3047 redegi,
594 2984 877 3048 eamque
942 2967 1259 3033 rationem
1316 2971 1588 3031 secutus
1644 2984 1814 3042 sum,
1886 2968 1960 3028 ut
2028 2963 2311 3046 primum
2361 2966 2505 3027 tam

294 3068 516 3131 varias
573 3066 895 3132 lectiones
950 3075 1204 3135 tantum
1274 3087 1409 3134 non
1465 3086 1716 3145 omnes,
1768 3084 1970 3150 quam
2026 3065 2341 3149 pleraque
2396 3064 2508 3128 vel

292 3173 593 3231 veterum
622 3169 1019 3251 scriptorum
1042 3170 1199 3235 loca
1226 3176 1296 3235 et
1335 3171 1667 3254 exempla,
1696 3169 1802 3234 vel
1839 3170 2130 3234 virorum
2169 3167 2510 3232 doctorum

295 3269 816 3349 observationes,
887 3291 1007 3356 per
1073 3293 1276 3358 opera
1347 3272 1612 3337 diversa
1683 3272 2047 3357 dispersas,
2114 3287 2506 3344 resecarem,

295 3369 533 3436 deinde
558 3372 632 3435 in
659 3375 1129 3440 commentario
1152 3382 1478 3462 perpetuo
1498 3375 1825 3462 permulta
1851 3377 1920 3438 et
1945 3370 2509 3446 circumciderent,

294 3479 360 3537 et
376 3473 826 3552 emendarem,
845 3481 914 3540 et
933 3476 1311 3562 adjicerem,
1335 3483 1475 3543 tum
1494 3496 1673 3543 nova
1693 3475 2018 3553 subsidia,
2041 3475 2240 3540 etiam
2265 3471 2517 3537 Graeca

295 3580 361 3638 et
406 3576 675 3652 critica,
726 3577 1298 3663 circumspicerem
1358 3586 1428 3647 et
1484 3580 1889 3656 adhiberem,
1947 3575 2234 3660 deniqne
2288 3574 2514 3656 ipsum

296 3676 525 3760 poeta
574 3682 830 3742 textum
869 3680 1127 3746 iteratis
1172 3683 1347 3748 curis
1395 3683 1816 3765 castigarem,
1861 3681 1960 3744 ita
2001 3682 2076 3741 ut
2114 3677 2264 3740 haec
2305 3672 2514 3739 editio

297 3795 481 3843 nova
535 3779 743 3863 plane
783 3785 853 3845 et
902 3783 1301 3849 emendatior
1344 3783 1561 3850 videri
1607 3778 1863 3866 possit!
1947 3776 2336 3843 Notandum
2384 3781 2513 3854 est,

300 3877 519 3949 codd.
554 3879 731 3946 Mas.
754 3887 1123 3950 exterorum
1155 3884 1519 3951 Elenchnm
1566 3900 1714 3946 esse
1764 3881 1933 3946 inter
1978 3898 2086 3959 ea,
2110 3898 2262 3966 quae
2289 3879 2359 3946 in
2383 3876 2513 3943 hac

303 3973 487 4046 Edit.
514 3983 927 4054 omittuntur.

388 4082 555 4152 Juv.
584 4092 654 4153 et
673 4086 861 4158 Pers.
892 4086 1036 4157 Sat.
1067 4086 1232 4156 Hal.
1259 4090 1424 4157 Sax.
1452 4090 1608 4158 Svo.
1626 4085 1823 4156 1804.
