3050 4913
514 345 645 413 112

1301 363 1373 412 A.
1423 361 1671 412 mmsn
1725 360 1991 413 FLAccl

513 507 846 585 Fervebit,
870 527 1057 592 saepe
1084 507 1342 572 insulso
1372 508 1702 574 coenanda
1729 507 2042 593 Glyconi.

514 609 620 675 Tu
647 630 864 693 neque
897 610 1258 689 anhelanti,
1290 613 1599 695 coquitur
1627 611 1785 676 dum
1814 629 2044 676 massa
2074 610 2361 687 camino,

2642 611 2728 674 10

516 711 707 777 Folle
735 713 984 796 premis
1011 718 1272 793 vento-023
1319 731 1442 777 nec
1473 714 1706 778 clauso
1735 733 2062 779 murmure
2093 731 2338 777 raucus

516 814 772 879 Nescio
803 814 964 900 quid
993 820 1211 879 tecum
1239 834 1437 898 grave
1468 817 1826 881 cornicaris
1853 817 2071 900 inepte
2100 836 2119 897 3

512 1020 716 1084 insipido
739 1021 961 1083 Glycona
1033 1021 1210 1070 Taaec
1229 1021 1455 1085 spirituas
1477 1022 1745 1084 σοιν-ἰωὴ
1764 1020 2143 1084 labor-msam,
2164 1020 2533 1070 dundana-
2555 1020 2725 1079 insor-

510 1085 951 1149 naceexeoqaitart
984 1086 2612 1151 mmmmmdeeiuabegaermnexioquiagrndae:
2644 1100 2727 1136 aee

1500 1270 1731 1324 NOTAE.

512 1379 719 1447 percita
733 1380 868 1445 quod
885 1379 1223 1431 Philomelam
1244 1394 1471 1431 sororem
1488 1380 1579 1429 ille

512 1457 770 1507 vitiasset.
841 1457 999 1508 ovid.
1045 1458 1453 1523 Metamorphos.
1499 1471 1580 1509 vr.

506 1533 641 1584 rab.
665 1537 715 1582 7.

583 1609 696 1658 011«
735 1609 976 1674 mesta]
1007 1609 1110 1663 Qui
1145 1625 1263 1660 suos
1295 1612 1407 1676 ipse
1442 1609 1581 1661 tilios

514 1685 708 1735 inscius
731 1686 960 1736 comedit
998 1686 1050 1735 in
1090 1686 1193 1736 olla
1213 1695 1390 1738 coctos
1412 1694 1468 1737 et
1489 1701 1580 1751 ap-

515 1761 709 1826 positos
740 1763 793 1812 in
816 1762 987 1812 cibum
1012 1762 1077 1812 ab
1101 1763 1265 1813 Atreo
1298 1762 1484 1827 fratre,
1506 1766 1581 1813 in·

512 1844 713 1887 certum
745 1838 883 1888 illius
919 1852 1035 1888 cnm
1059 1839 1271 1903 Europa
1302 1853 1466 1889 uxore
1488 1854 1582 1890 sua

509 1915 828 1965 vindicante.
905 1915 1042 1965 Vide
1087 1918 1335 1965 Senecam
1377 1917 1581 1981 Tragic.

476 2008 479 2013 ·
512 1990 565 2041 in
586 1991 834 2056 Thyeste.

577 2072 611 2117 9
646 2067 892 2131 Fer-nebit]
921 2067 1190 2132 Allegoria
1208 2069 1271 2118 ab
1290 2069 1393 2118 olla
1409 2069 1460 2118 in
1478 2083 1582 2133 qna

516 2141 756 2194 fervente
781 2145 921 2194 cocti
942 2151 1062 2194 snnt
1083 2143 1176 2194 filii
1196 2146 1347 2196 Terei
1371 2153 1428 2195 et
1446 2145 1580 2208 Tiry-

513 2226 640 2269 este
662 2236 675 2267 τ
709 2226 765 2269 et
788 2221 970 2269 allusio
991 2221 1054 2269 ad
1079 2222 1370 2285 Tragoediae
1390 2223 1581 2286 stylum

514 2294 830 2345 concitatum
854 2302 910 2345 et
933 2296 1310 2347 vehementem.

592 2370 854 2434 cenanda]
920 2370 1371 2435 Repraesentanda
1431 2387 1581 2423 coena

511 2447 669 2498 Terei
680 2458 741 2499 et
752 2450 999 2514 Thyesta
1016 2452 1254 2514 proprios
1272 2450 1405 2503 filios
1421 2452 1578 2505 devo·

512 2529 753 2580 rantium.
820 2530 972 2582 Quod
988 2540 1160 2581 tamen
1180 2532 1230 2579 in
1245 2531 1416 2581 Scena
1435 2532 1579 2582 exhi·

512 2606 625 2655 beri
650 2612 795 2656 vetat
818 2606 1069 2656 Horatius
1102 2606 1155 2654 in
1178 2608 1331 2668 Arte,
1362 2607 1439 2656 iiis
1461 2621 1577 2657 ver-

509 2680 687 2731 sibus:
724 2685 740 2709 ⁴
763 2681 881 2731 Non
903 2688 1077 2731 tamen
1101 2681 1244 2731 intus
1266 2683 1446 2746 Digna
1464 2682 1576 2746 geri

513 2771 719 2823 promes
736 2757 787 2806 in
804 2771 1032 2820 scenam,
1053 2759 1318 2823 multaque
1336 2759 1576 2808 tollesEx

512 2833 693 2896 oeulis,
713 2848 829 2897 qnae
849 2847 967 2882 mox
984 2840 1162 2882 narret
1182 2831 1424 2882 facundia
1442 2847 1576 2897 proe-

513 2923 643 2959 sens.
712 2909 827 2959 Nec
852 2923 1038 2971 pueros
1058 2924 1230 2958 coram
1252 2911 1443 2974 populo
1466 2911 1579 2959 Me-

511 2985 628 3034 daea
644 2983 873 3034 trucidet
890 3001 905 3045 ς
938 2984 1048 3034 Aut
1066 2986 1283 3035 humana
1306 2986 1474 3049 palam
1491 2999 1578 3035 co·

513 3067 643 3126 quat
680 3067 804 3110 exta
837 3059 1066 3111 nefarius
1105 3061 1332 3122 Atreus3
1378 3062 1486 3111 Ant
1524 3063 1577 3111 in

514 3151 662 3187 avem
686 3138 891 3199 Progne
916 3138 1185 3198 vertatur,'
1218 3141 1317 3187 dcc.

582 3212 811 3277 Glyconi]
851 3213 1016 3262 Fatuo
1035 3215 1309 3277 Tragoedo‚
1340 3221 1576 3278 tempore

514 3287 760 3347 Neronis,
792 3288 880 3351 qni
913 3289 1039 3338 trita
1061 3298 1363 3352 argumenta
1385 3292 1575 3354 saepins

514 3366 579 3415 ad
601 3378 844 3414 nauseam
870 3371 1160 3428 reponeret.
1221 3366 1308 3414 De
1326 3367 1579 3417 similibus

514 3442 747 3492 Martial.
773 3442 922 3505 Epig.
947 3446 1065 3491 ΧΑ.
1121 3445 1138 3471 ‘
1158 3444 1258 3494 Qui
1278 3445 1408 3508 legis
1431 3445 1580 3494 OEdi-

512 3520 722 3584 podem,
739 3519 1152 3583 caligantemque
1164 3520 1449 3582 Thyesten,
1463 3521 1579 3571 Col-

512 3597 706 3658 chidas,
728 3603 782 3644 et
805 3594 998 3657 Scyllas
1020 3609 1034 3653 ;
1071 3594 1196 3659 quid
1218 3596 1316 3643 uisi
1351 3603 1580 3645 monstra

514 3674 643 3737 legis
655 3673 694 3722 θ’
738 3678 838 3723 dec.
950 3661 1089 3722 Hinc
1137 3671 1362 3721 insalsum
1425 3679 1581 3722 vocat

515 3749 752 3810 Persius,
813 3755 871 3798 ut
915 3749 987 3798 ait
1043 3755 1193 3798 vetus
1244 3748 1579 3812 scholiastes,

514 3829 531 3852 ⁸
557 3830 672 3872 erat
688 3824 825 3874 enim
846 3825 936 3872 ille
959 3826 1164 3875 nescius
1178 3826 1381 3888 jocari:
1416 3839 1580 3889 quan·

513 3914 671 3964 qnam
693 3900 886 3962 populo
916 3902 1044 3949 mire
1075 3902 1292 3965 placuit,
1315 3908 1371 3951 et
1405 3901 1524 3952 ideo
1548 3916 1580 3951 a

516 3976 726 4027 Nerone
760 3977 1098 4025 manumissus
1119 3977 1232 4039 est,'
1265 3980 1361 4026 estc.

582 4055 644 4101 10
682 4052 753 4100 Tu
769 4066 913 4114 neque
929 4051 1189 4111 anhelanti,
1210 4051 1315 4115 qv]
1347 4053 1423 4100 Tu
1441 4067 1580 4116 mag·

515 4143 582 4178 no
605 4135 793 4176 conatu
816 4142 993 4176 versus
1016 4126 1316 4189 magnificos
1338 4141 1440 4176 non
1463 4143 1581 4192 pro-

517 4204 642 4268 fers,
664 4216 847 4267 magno
888 4202 1139 4265 anhelitu,
1159 4209 1216 4251 et
1255 4203 1582 4266 pulmonibus

1659 1380 2029 1431 laborantibus.
2097 1380 2213 1430 Nec
2235 1379 2311 1429 ita
2330 1377 2515 1428 scribis
2539 1385 2629 1427 aut
2652 1378 2724 1427 lo·

1660 1457 1853 1520 queris,
1869 1463 1928 1506 ut
1943 1456 2095 1506 folles
2108 1454 2288 1505 inflare
2297 1454 2552 1505 videaris:
2575 1453 2727 1503 adeo-

1660 1548 1761 1598 que
1795 1534 1862 1583 ab
1899 1534 2091 1597 ineptis
2132 1532 2285 1595 hujus
2328 1529 2506 1581 saeculi
2544 1528 2724 1578 Poetis

1661 1609 1931 1659 ambitiose
1975 1609 2323 1660 recitantibus
2377 1620 2532 1672 quam
2565 1607 2722 1673 ‚longe

1661 1688 1815 1737 abes!

1727 1763 1963 1828 coquitur
1980 1765 2092 1813 daia
2118 1776 2270 1812 m
2301 1759 2503 1822 cndu]
2535 1757 2600 1808 In
2624 1757 2723 1808 for·

1660 1853 1790 1889 nace
1830 1839 2035 1889 ardenti
2079 1839 2379 1898 metallnm3
2435 1837 2511 1886 sie
2555 1835 2722 1885 animo

1660 1916 1798 1965 inter
1838 1914 2194 1966 meditandum
2237 1913 2563 1964 fervescente
2617 1926 2724 1962 car·

1661 2005 1782 2042 men
1802 1991 2033 2057 fingitur.

1729 2077 1788 2122 n
1811 2072 2072 2122 Anhelanti
2079 2070 2203 2133 folle
2212 2070 2388 2135 prensis
2407 2067 2590 2131 ventu]
2653 2064 2724 2114 Α-

1660 2148 1802 2198 erem
1824 2146 2034 2199 follibus
2054 2148 2308 2197 inclusum
2336 2152 2392 2195 et
2415 2143 2721 2194 stridentem

1659 2225 1933 2288 exagitant
1966 2223 2103 2273 fabri
2142 2222 2208 2272 ad
2243 2221 2507 2272 fornacem
2545 2232 2725 2268 accen-

1659 2301 1908 2351 dendam:
1944 2299 2203 2364 ingenium
2219 2306 2394 2349 autem
2412 2294 2726 2357 meditando,

1659 2391 1720 2427 ac
1765 2376 2026 2440 tingendo,
2069 2389 2241 2425 secum
2280 2372 2530 2424 luctando
2565 2383 2725 2434 sepe,

1659 2463 1719 2505 et
1754 2454 1807 2503 in
1845 2466 2023 2505 omnes
2046 2459 2221 2518 partes
2242 2449 2516 2511 vertendo,
2537 2448 2721 2499 Poeta
2813 2491 2814 2494 ,

1659 2530 1998 2581 discruciant:
2048 2523 2314 2593 pulmones
2336 2527 2462 2577 item
2483 2525 2724 2590 fatigant,

1657 2611 1927 2660 recitando
1949 2623 2154 2659 carmen
2179 2608 2468 2673 presertim
2490 2604 2722 2655 inflatum

1656 2693 1712 2736 et
1736 2686 2018 2751 turgidum,
2040 2686 2191 2750 quale
2213 2686 2294 2735 hic
2315 2683 2527 2734 Penius
2550 2697 2720 2748 repre·

1656 2762 1856 2823 itendit,
1880 2761 2111 2812 imitatus
2132 2775 2320 2824 nempe
2335 2761 2611 2811 Horatium
2636 2759 2720 2808 lib.

1659 2853 1699 2887 r.
1729 2837 1874 2887 satir.
1893 2842 1945 2887 4.
2011 2838 2027 2864 ⁸
2047 2837 2118 2886 At
2143 2843 2199 2886 tn
2222 2836 2491 2886 conclusas
2512 2835 2721 2886 hircinis

1656 2913 1866 2965 follibus
1902 2928 2052 2963 auras
2075 2914 2255 2978 Usque
2286 2913 2585 2962 laborantes
2603 2911 2720 2960 dum

1657 2991 1854 3042 ferrum
1889 2991 2085 3041 molliat
2117 2989 2272 3054 ignis,
2309 2989 2381 3037 Ut
2419 2989 2585 3039 mavis
2615 2988 2721 3036 imi·

1657 3067 1803 3117 tare!
1868 3065 2142 3119 Juvenalis
2175 3070 2349 3113 autem
2384 3063 2476 3112 lios
2517 3070 2722 3113 secutus

1659 3142 1725 3192 de
1762 3140 2049 3192 causidicis
2072 3141 2165 3198 ait,
2201 3138 2343 3188 satir.
2378 3152 2480 3189 vn.
2546 3140 2563 3165 ‘
2580 3137 2722 3187 'runc

1657 3219 1907 3267 immensa
1916 3217 2030 3266 cavi
2045 3216 2245 3278 spirant
2258 3213 2528 3263 mendacia
2540 3211 2722 3262 folles?

1658 3294 1729 3343 Et
1751 3291 2041 3342 Martialis:
2089 3294 2105 3320 ‘
2127 3290 2174 3340 A
2201 3291 2393 3342 nostris
2429 3290 2610 3352 procul
2643 3296 2722 3336 est

1659 3370 1822 3418 omnis
1842 3368 2011 3417 vesica
2029 3367 2239 3427 libellis,
2261 3367 2414 3414 Musa
2428 3379 2528 3414 nec
2543 3365 2723 3413 insano

1656 3452 1885 3516 syrmate
1907 3451 2088 3494 nostra
2112 3440 2312 3493 tumet!

1725 3524 1787 3570 12
1816 3520 1984 3569 Nescio
1999 3520 2113 3582 qaid
2125 3516 2297 3580 grave]
2346 3517 2570 3566 Carmen
2587 3514 2721 3579 qnod

1660 3597 1756 3646 tibi
1769 3598 1969 3661 placeat
1982 3597 2097 3659 soli,
2110 3609 2453 3660 magnumque
2466 3593 2722 3643 videatur.

1728 3672 2024 3735 Corsico-is]
2057 3673 2172 3722 Nec
2190 3677 2266 3734 tu,
2282 3685 2425 3721 more
2442 3671 2723 3728 cornicum,

1660 3762 1816 3798 voces
1848 3750 2045 3798 emittis
2082 3762 2112 3796 e
2136 3754 2367 3811 gutture,
2385 3760 2723 3809 compressas,

1660 3825 1956 3889 impeditas,
1996 3825 2361 3888 strangulatas,
2397 3825 2572 3887 palato
2606 3836 2720 3886 snp-

1661 3903 1941 3965 plantatas,
1960 3901 2027 3949 de
2047 3899 2229 3964 quibus
2251 3899 2362 3949 fuse
2386 3900 2533 3949 satir.
2549 3912 2588 3948 r.
2629 3901 2721 3949 1⁴0-

1660 3992 1781 4028 cum
1817 3977 1951 4026 liunc
1984 3976 2208 4040 respexit
2255 3976 2326 4027 D.
2360 3976 2578 4026 Hieron.
2605 3990 2718 4025 cum

1660 4053 1734 4102 ait
1756 4069 1840 4117 ep.
1863 4067 1940 4101 nr.
2003 4055 2022 4082 ⁴
2038 4051 2142 4101 Ani
2166 4053 2304 4101 intra
2324 4067 2379 4101 se
2401 4052 2581 4101 nescio
2601 4051 2718 4116 quid

1659 4128 1991 4179 cornicantes
2013 4129 2269 4182 tumentia
2290 4127 2448 4178 verba
2471 4128 2718 4177 trutinan-

1663 4204 1784 4268 tur,’
1807 4208 1908 4254 ἃς.
