3050 4913
1150 361 1607 412 suvnuAms.
2317 348 2491 417 1195

283 521 560 599 emplum,
589 521 782 599 copiis
825 519 895 595 (s.
924 520 1207 600 copiosis)
1243 521 1734 582 annotationibus
1771 528 1828 580 et
1864 522 2299 601 marginalibus
2328 522 2485 582 Μαι.

282 617 351 677 ab
379 636 680 695 anonymo
706 617 1004 696 quondam
1024 626 1135 679 vet.
1160 626 1452 680 ornatum.

360 794 389 826 ⁸
416 792 788 852 Ascensiana
811 809 920 853 111.
948 797 1031 868 (n.
1054 791 1183 866 65.)
1262 722 1893 873 ,Ilu502151blissamiliare
1915 802 2296 855 commentum
2323 796 2408 867 (h.
2431 816 2488 856 e.

288 888 494 947 Juven.
545 908 685 947 cum
723 909 941 948 comm.
979 890 1109 948 Iod.
1142 889 1308 949 Badii
1337 891 1629 964 Ascensii)
1675 910 1803 950 cum
1848 892 2102 951 Antonii
2130 892 2491 952 Mancinelli

288 986 393 1042 viri
419 984 818 1048 eruditissimi
862 986 1728 1071 explanatione—Immensum
1755 995 1843 1047 est
1883 988 1989 1046 lwc
2018 1006 2166 1066 opus
2189 1007 2397 1048 rursus
2422 989 2488 1047 in

283 1079 511 1140 aedibas
552 1082 943 1142 Ascensianis
982 1082 1147 1161 apud
1187 1084 1540 1144 Parrhisios
1580 1085 1858 1162 impensis
1906 1083 2163 1143 Joannis
2202 1082 2489 1163 Meganc,

284 1177 542 1237 loannis
599 1179 962 1251 waterloose,
1022 1187 1081 1239 et
1136 1179 1337 1240 lodoci
1393 1180 1800 1260 Horenwegloe
1834 1179 2212 1259 standarum.
2315 1181 2492 1240 Anno

282 1272 495 1333 astutis
522 1277 869 1336 christiam
900 1293 1240 1338 ucccccv.
1270 1278 1353 1340 ad
1377 1278 1582 1339 Nonas
1610 1278 2019 1338 Martias—4.
2056 1284 2229 1337 1505.

364 1371 565 1448 Hujus
612 1371 903 1444 editionis,
953 1373 1127 1450 cujus
1173 1393 1366 1453 neque
1396 1375 1712 1446 Maittaire,
1738 1394 1931 1453 neque
1962 1374 2260 1435 Fabricius
2288 1373 2492 1434 memi-

285 1465 392 1539 nit,
445 1468 680 1528 titulum
732 1479 995 1551 tantum,
1021 1479 1082 1529 et
1124 1489 1199 1530 ne
1235 1471 1374 1530 satis
1419 1470 1661 1548 quidem
1689 1480 1984 1540 accurate,
2018 1470 2359 1541 Henninius,
2390 1469 2493 1549 qui

284 1562 489 1623 eadem
524 1583 665 1623 usus
713 1574 804 1624 est
850 1566 909 1626 in
954 1567 1321 1645 excerpendo
1372 1567 1644 1627 Ascensii
1687 1577 2042 1637 commento,
2088 1566 2331 1638 notavit,
2371 1575 2432 1627 et
2456 1585 2492 1626 e

288 1659 480 1720 Catal.
511 1661 670 1721 Bibl.
719 1661 1064 1723 Uffenbacb.
1096 1662 1136 1723 l.
1168 1663 1207 1722 1.
1239 1684 1299 1722 n.
1323 1671 1463 1732 229.
1491 1683 1554 1741 p.
1585 1673 1683 1726 80.
1711 1663 2065 1741 descripsere
2103 1663 2247 1722 socii
2272 1663 2493 1742 Bipon·

287 1756 406 1815 tini.
496 1759 565 1816 In
604 1759 948 1837 exemplari,
1000 1761 1160 1838 quod
1212 1760 1288 1820 ad
1340 1780 1546 1822 manus
1595 1758 1796 1832 habui,
1841 1759 2108 1819 Juvenali
2141 1758 2357 1835 juncta
2402 1766 2495 1819 est

288 1861 306 1885 ‘
333 1853 525 1912 Publii
556 1854 694 1914 Auli
727 1856 907 1916 Persii
935 1856 1232 1917 familiaris
1262 1856 1598 1935 explanatio
1627 1875 1734 1934 per
1763 1854 2048 1914 lodocum
2081 1852 2332 1913 Badium
2355 1872 2493 1914 cum

284 1951 377 2011 Jo.
420 1952 748 2011 Britannici
772 1953 1163 2013 eruditissima
1188 1953 1687 2034 interpretatione.
1770 1942 2195 2011 venundantur
2221 1947 2496 2028 Lugduni

286 2073 319 2112 a
346 2056 526 2116 Petro
555 2058 755 2135 Ungre
782 2067 840 2117 et
869 2057 1172 2118 Anthonio
1200 2059 1441 2131 doulcet
1469 2048 1629 2137 pfate
1650 2057 1899 2117 civitatis
1929 2056 2254 2133 bibliopola
2278 2064 2340 2116 et
2366 2054 2495 2115 cive

282 2149 338 2209 in
368 2152 501 2210 vico
544 2152 880 2213 mercuriali
908 2154 1221 2233 vulgariter
1248 2156 1337 2214 En
1366 2155 1422 2215 la
1451 2175 1553 2215 rue
1582 2154 1949 2215 Mercbiere.'
2028 2153 2097 2210 ln
2127 2152 2275 2211 fine:
2324 2160 2341 2186 ‘
2360 2152 2497 2212 Per·

286 2246 406 2306 sius
435 2267 578 2306 cum
626 2248 853 2326 duplici
894 2262 1230 2310 commento
1275 2249 1404 2310 finit
1443 2250 1711 2310 feliciter.
1793 2248 2067 2328 Lugduni
2096 2246 2292 2307 solerti
2316 2265 2499 2325 opera

285 2344 575 2403 lobannis
625 2344 703 2403 de
750 2345 944 2423 platea
987 2356 1047 2404 et
1094 2347 1305 2407 Jacobi
1353 2354 1503 2427 myt.
1546 2349 1720 2405 Anno
1766 2344 1966 2404 salutis
2013 2359 2353 2403 mcccccx.
2397 2340 2495 2403 die

291 2459 426 2500 vero
466 2459 595 2501 xx.
640 2441 1018 2502 novembris!
1096 2443 1245 2503 Haec
1295 2451 1486 2504 tamen
1536 2440 1737 2513 editio,
1786 2459 1921 2519 quae
1980 2439 2160 2498 Paris.
2213 2445 2386 2500 1512.
2435 2446 2497 2499 et

297 2546 473 2618 1519.
501 2557 709 2597 recusa
746 2548 858 2609 est,
902 2557 1257 2620 magnopere
1304 2559 1467 2618 spem
1523 2557 1714 2597 meam
1759 2537 2002 2597 fefellit:
2046 2545 2134 2595 est
2160 2536 2312 2595 enim
2338 2553 2498 2595 mern

284 2633 396 2693 fere
444 2632 723 2711 repetitio
769 2638 1010 2694 Ascens.
1059 2651 1108 2693 1.
1155 2648 1215 2695 et
1259 2651 1337 2694 11.
1383 2633 1657 2712 Lugdun.
1696 2642 1848 2704 1498
1879 2642 1943 2692 et
1977 2639 2152 2691 1501.
2237 2630 2416 2700 Quod
2443 2630 2495 2689 si

292 2731 453 2814 prius
472 2730 1038 2804 animadvertissem,
1068 2751 1197 2791 eam
1221 2751 1338 2792 uon
1369 2740 1555 2793 totam
1577 2731 1969 2791 contulissem.
2055 2729 2498 2807 Nonnunquam

294 2838 487 2886 tamen
536 2845 667 2884 eam
718 2837 779 2884 et
826 2825 903 2885 ab
946 2827 1057 2900 his,
1086 2838 1146 2887 ct
1174 2847 1210 2886 a
1236 2828 1413 2886 Paris.
1449 2833 1626 2888 1512.
1666 2826 2015 2905 discrepare,
2059 2847 2133 2886 ex
2163 2828 2300 2888 Var.
2330 2826 2497 2887 Lect-

295 2921 805 3002 cognoscendum.

1313 3027 1491 3088 1507.

369 3119 399 3150 ’
427 3114 756 3195 Lipsiensis
787 3131 881 3175 ιν.
910 3120 991 3189 (n.
1025 3118 1149 3188 58.)
1199 3115 1380 3176 Liber
1411 3115 1766 3195 Satyrorum
1792 3117 1967 3177 Junii
1992 3115 2302 3177 Juvenalis
2326 3118 2497 3194 poitae

294 3211 655 3293 lepidissimi
681 3230 750 3271 ac
779 3212 1152 3272 inter-omnes
1171 3214 1463 3292 satyricos
1485 3211 1812 3273 utilissimi.

1137 3310 1230 3367 Ad
1267 3310 1667 3385 juventutem.

624 3403 832 3463 Florea
861 3403 1193 3481 doctiloqui
1223 3404 1349 3461 cole
1376 3405 1596 3482 scripta
1623 3421 1842 3463 canora
1858 3402 2139 3480 juventus

706 3500 909 3557 Vatis:
952 3499 1312 3578 praestabunt
1340 3500 1654 3560 commoda
1679 3499 1835 3559 mille
1863 3498 1991 3558 tibi.

622 3595 890 3655 Invenies
918 3616 1167 3669 morsus,
1192 3608 1251 3656 et
1279 3596 1546 3667 fulmina,
1573 3598 1787 3675 diaque
1817 3595 1998 3666 dicta,

709 3692 986 3762 Crimina,
1009 3693 1272 3765 virtutes,
1303 3694 1490 3772 multij
1501 3714 1760 3773 ugosque
1788 3693 1952 3753 sales.

622 3788 901 3848 Mordaci
927 3790 985 3848 in
1011 3803 1205 3870 satyra
1230 3792 1617 3871 lepidissimus
1643 3790 1734 3850 ille
1763 3795 1940 3867 poeta
2071 3838 2076 3842 .

704 3885 940 3946 Vertice
968 3887 1206 3947 sublimi
1229 3890 1413 3949 sidera
1444 3907 1674 3949 summa
1699 3886 1851 3946 ferit.

299 3981 361 4050 ln
390 3980 545 4042 fine:
596 3989 612 4014 ‘
640 3981 861 4054 Habes,
911 3993 1099 4044 amate
1139 3986 1370 4057 Lector,
1410 3995 1632 4047 textum
1673 3982 1829 4044 Junii
1856 3978 2156 4041 Juvenalis
2182 3975 2504 4056 Aquinati-

302 4081 642 4158 says-arum
666 4078 963 4156 scriptoris
982 4080 1346 4158 lepidissimi,
1377 4082 1587 4141 iterum
1615 4091 1793 4160 atque
1822 4080 2034 4138 iterum
2055 4076 2194 4135 satis
2214 4073 2505 4133 laboriose

302 4175 703 4262 emendatum,
750 4174 1022 4256 vigilique
1071 4176 1369 4257 diligentia
1407 4177 1619 4241 Jacobi
1659 4177 1970 4240 Tbanners
2013 4168 2309 4250 Lipsensis
2337 4165 2504 4238 civis.
