3050 4913
1298 400 1369 449 A.
1417 398 1669 448 PBRBH
1715 399 1979 450 vnAcct

542 546 736 624 Tun'‚
765 543 1006 621 vetule,
1036 541 1352 608 auriculis
1378 542 1629 607 alienis
1645 534 1912 626 colligis
1937 546 2174 611 escas?

543 649 901 727 Auriculis,
938 648 1185 732 quibus
1215 651 1284 711 et
1308 646 1501 711 dicas
1527 651 1676 710 cute
1703 648 2025 731 perditus,
2053 649 2223 715 ohe?

541 756 565 790 ‘
590 751 747 831 Quo
775 748 1111 826 didicisse,
1140 747 1273 811 nisi
1297 747 1424 812 hoc
1452 747 1839 811 fermenttnn
1867 753 1938 813 et
1961 767 2111 831 ‹31ae
2141 748 2348 814 seme}
2371 747 2552 814 huus

544 853 783 919 Innata
811 855 934 928 est,
964 854 1163 933 rupto
1176 852 1402 935 jecore
1427 851 1668 914 exierit
1694 850 2050 932 oepeificus
2064 850 2114 915 'l’

2656 842 2747 914 25

544 955 651 1019 En
676 953 894 1037 pallor
922 951 1331 1034 seniumque!
1378 948 1439 1013 Ο
1469 951 1723 1014 mores!
1768 969 1978 1034 usque
2007 951 2260 1017 adeone

542 1056 733 1122 Scire
755 1061 936 1120 tunm
964 1053 1125 1119 nihil
1153 1057 1279 1131 est,
1308 1053 1441 1117 nisi.
1465 1056 1530 1116 te
1558 1052 1730 1117 scire
1757 1053 1884 1117 hoc
1912 1054 2088 1119 sciat
2115 1055 2326 1119 alter?

539 1236 704 1302 quibus
722 1238 840 1301 pelle
859 1235 1085 1297 defui-niis
1103 1236 1249 1285 etium
1265 1235 1530 1285 diasoste!
1560 1237 1797 1293 Quor-suns
1819 1251 1942 1287 vero
1970 1238 2156 1286 ἄοσὲιηιι
2177 1251 2291 1300 esse,
2310 1236 2407 1286 nisa·
2437 1236 2744 1296 &sesemen-

539 1308 640 1350 tsms
673 1308 956 1366 appareat;
990 1305 1037 1349 et
1072 1305 1234 1364 aperto
1271 1300 1437 1361 hepate
1455 1303 1654 1364 prudent
1674 1302 1903 1351 domm
1923 1302 2072 1366 ficus,
2109 1317 2212 1365 quae
2243 1301 2494 1363 «liquando
2529 1307 2638 1349 ortu
2667 1304 2743 1348 ed

536 1363 705 1415 s'ntru?
740 1368 864 1415 Ecce
885 1365 1057 1414 vultus
1076 1365 1297 1440 pauidus,
1319 1370 1367 1413 et
1399 1370 1624 1426 senecta,
1661 1367 1707 1414 0
1738 1368 1938 1415 indolem
1973 1367 2204 1429 pravam!
2245 1367 2385 1414 Itane
2415 1365 2744 1414 omnic-tia

537 1434 621 1481 {aa
640 1431 764 1479 nihil
782 1435 871 1491 est,
892 1429 988 1478 nisi
1007 1429 1094 1477 ulis
1114 1429 1325 1477 noverint
1347 1432 1397 1477 te
1417 1443 1514 1478 esse
1534 1430 1733 1480 scientis
1758 1428 2046 1493 preditum?
2097 1431 2168 1479 Ae
2190 1431 2471 1493 praelarus
2490 1433 2561 1478 est
2579 1428 2741 1489 digito

1460 1554 1667 1576 OOOOOO

1670 1555 1818 1577 00000

535 1654 566 1687 ι
583 1638 973 1702 suprascr.—-24
998 1633 1127 1691 Quid
1143 1634 1242 1686 Ms.
1262 1634 1327 1686 R.
1344 1640 1400 1685 et
1417 1634 1609 1686 0.-28
1633 1635 1700 1683 Et
1715 1636 1960 1699 pulchrum
1978 1637 2078 1687 Ms.
2097 1636 2288 1688 R.-s⁵
2303 1653 2360 1687 ac
2378 1637 2652 1688 teneroMs.
2670 1637 2739 1689 R.

1529 1746 1743 1799 NOTAE

597 1853 662 1899 22
697 1846 836 1909 Μ’,
864 1847 1041 1910 vetule]
1103 1846 1336 1911 Insurgit
1377 1847 1593 1897 Persius

534 1925 727 1977 acriter
749 1924 992 1973 adversus
1017 1938 1131 1972 eam
1154 1923 1437 1973 mollitiem.
1497 1925 1593 1973 Er·

531 2015 666 2065 gone
701 2014 804 2064 qua
837 2014 893 2050 es
927 2004 1085 2047 aetate
1104 2011 1261 2046 senex
1284 1998 1411 2048 inid
1434 2014 1591 2048 unum

530 2075 803 2137 incumbis,
844 2082 903 2124 ut
944 2079 1052 2123 tam
1090 2070 1304 2122 infames
1336 2074 1592 2136 juvenum

528 2152 737 2203 auribus
756 2149 1026 2200 illecebras
1050 2148 1389 2212 suppedites?

602 2227 791 2291 Vetule]
820 2227 939 2277 Vox
968 2226 1231 2291 pertinens
1261 2226 1327 2276 ad
1365 2233 1592 2276 contem-

531 2309 659 2354 ium.

593 2384 656 2430 Β
695 2380 819 2428 Cute
857 2377 1096 2443 perditus]
1155 2375 1309 2428 Senio
1353 2383 1408 2426 et
1449 2376 1589 2442 mgis

528 2453 793 2506 deformis.

595 2532 720 2595 ohe]
777 2529 1113 2580 Contendunt
1136 2529 1290 2594 aliqui
1314 2529 1588 2594 legendum

529 2607 652 2668 euo‘e',
674 2614 732 2655 ut
754 2620 930 2655 sensus
952 2606 1050 2655 sit:
1090 2604 1139 2654 Ο
1165 2605 1307 2654 Nero
1341 2604 1590 2655 bacchan-

531 2686 658 2736 tium
682 2699 860 2735 vocem
897 2684 950 2732 in
986 2691 1076 2732 tun
1093 2681 1370 2744 Tragoedia
1392 2683 1588 2745 gaudes

527 2760 780 2810 recitare!
849 2759 951 2807 Sed
991 2758 1185 2821 placet,
1209 2771 1324 2807 cum
1363 2758 1588 2808 melioris

524 2841 667 2885 notae
692 2832 1078 2897 Interpretibus
1097 2838 1151 2881 et
1176 2833 1586 2897 Exemplaribus‚

530 2909 649 2958 Ohe.
695 2909 829 2960 Quoe
845 2907 1148 2971 Interjectio
1172 2908 1252 2956 vel
1275 2908 1586 2972 satietatem,

524 2984 609 3034 vel
666 2983 951 3047 juvenilem
1018 2983 1256 3033 laetitiam
1310 2983 1584 3047 significat.

525 3060 718 3109 Sensus
761 3059 921 3123 igitur
965 3057 1088 3107 erit:
1139 3072 1297 3107 senex
1341 3073 1457 3107 cum
1500 3060 1587 3122 sis,

516 3135 776 3199 juveniles
815 3135 972 3184 etiam
1004 3148 1155 3184 voces
1191 3131 1421 3185 affectas.
1483 3135 1585 3184 Vel

524 3209 721 3275 potius:
779 3210 979 3259 laboras
1029 3216 1089 3258 ut
1133 3210 1338 3274 placeas
1396 3210 1586 3276 ineptis

523 3285 874 3335 laudatoribus
905 3300 921 3346 ς
985 3298 1202 3349 quorum
1261 3285 1584 3336 adulationes

518 3363 633 3428 ipse
672 3362 801 3412 adeo
839 3369 1085 3426 expertus
1124 3375 1198 3423 es,
1234 3367 1294 3409 ut
1332 3375 1433 3410 non
1470 3363 1581 3412 sine

521 3439 721 3505 pudore
762 3439 975 3489 nimium
1014 3444 1066 3487 te
1111 3436 1311 3486 laudari
1353 3439 1579 3488 sentiens

520 3515 779 3580 cogereris
819 3515 1015 3575 dicere,
1048 3514 1157 3562 ohe:
1191 3514 1315 3562 satis
1352 3522 1433 3563 est
1473 3515 1579 3563 lau-

518 3589 642 3640 dum
664 3598 720 3640 et
758 3591 1024 3654 plusquam
1054 3590 1193 3638 satis.
1262 3590 1448 3641 Horat.
1470 3593 1580 3640 Sat.

518 3675 582 3714 ιι.
632 3672 681 3716 5.
734 3666 1102 3728 ‘Importunus
1157 3674 1297 3718 amat
1349 3667 1579 3718 laudari?

517 3741 724 3802 Donec,
745 3742 842 3789 obe
856 3742 989 3804 jam,
1021 3741 1104 3790 Ad
1128 3744 1313 3792 coelum
1346 3744 1579 3793 manibus

517 3816 749 3876 sublatis,
787 3816 1001 3879 dixerit,
1043 3833 1189 3882 urge,
1234 3827 1288 3867 et
1332 3821 1579 3870 Crescen-

518 3893 625 3939 tem
646 3891 855 3938 tumidis
879 3891 1001 3940 infla
1020 3893 1335 3943 sermonibus
1357 3901 1557 3948 utrem!

583 3967 649 4012 24
684 3966 789 4020 Quo
815 3967 1051 4030 didicisse,
1071 3967 1176 4030 fic]
1243 3969 1306 4018 Id
1330 3979 1427 4032 est,
1450 3973 1574 4034 qnid

515 4038 729 4103 prodest
752 4043 915 4092 multa
932 4042 1170 4092 didicisse
1184 4044 1237 4092 ni
1258 4044 1441 4094 doctus
1460 4062 1574 4098 esse

514 4122 815 4180 cognoscar,
845 4116 1013 4183 inquit
1032 4118 1182 4171 homo
1205 4120 1465 4172 scribendi
1487 4139 1575 4173 cu-

514 4192 689 4258 pidus.

1741 1847 2068 1911 Fen-sentum]
2147 1847 2355 1898 Dicitur
2394 1861 2427 1896 a
2468 1846 2739 1914 fervendo,

1675 1923 1728 1973 id
1752 1930 1850 1987 est,
1883 1924 2015 1974 sicut
2048 1922 2242 1973 frustra
2279 1922 2479 1986 injicias
2511 1921 2738 1973 fermen-

1676 2006 1784 2050 tum
1807 2001 1859 2050 in
1882 2014 2096 2050 massam
2120 1999 2218 2049 nisi
2258 2007 2316 2048 ut
2356 2014 2469 2049 eam
2491 1997 2656 2060 inflet,
2679 2005 2738 2049 et

1673 2076 1917 2139 majorem
1952 2075 2137 2126 faciat:
2170 2076 2262 2137 sic,
2296 2075 2418 2141 quid
2458 2090 2572 2125 mea
2610 2076 2735 2126 mihi

1672 2151 1896 2201 eruditio
1951 2152 2199 2214 proderit,
2250 2151 2349 2201 nisi
2394 2160 2632 2216 erumpat
2677 2160 2736 2202 et
2819 2174 2830 2181 ·

1670 2226 1941 2276 clariorem
1962 2242 2043 2276 me
2066 2226 2253 2276 faciat?

1735 2303 1899 2367 Intus]
1965 2304 2025 2353 In
2052 2306 2221 2354 animo
2243 2320 2376 2355 meo.

1732 2384 1794 2428 25
1828 2379 2018 2444 decore]
2055 2380 2187 2430 Poni
2211 2380 2418 2431 videtur
2438 2395 2532 2444 pro
2554 2382 2733 2446 corde,

1666 2453 1719 2504 in
1744 2470 1847 2521 quo
1872 2453 2151 2508 affectuum
2176 2455 2350 2508 sedem
2375 2458 2556 2522 vulgus
2575 2459 2734 2509 collo·

1667 2540 1772 2581 cat.

1735 2609 2022 2675 Capu-ficus]
2087 2609 2447 2673 Metaphorice
2492 2610 2731 2673 designat

1668 2684 1845 2747 glorias
1888 2685 2250 2747 cupiditatem,
2291 2691 2346 2734 et
2389 2684 2552 2744 bene;
2611 2700 2727 2735 nam

1665 2759 1818 2808 arbor
1836 2759 1921 2808 illa
1949 2759 2174 2822 erumpit
2211 2774 2238 2807 e
2279 2759 2436 2808 muris
2457 2769 2728 2824 quantum·-

1665 2833 1794 2883 libet
1818 2833 1980 2896 duris,
2019 2836 2184 2885 nullos
2209 2835 2343 2900 parit
2379 2834 2601 2898 fructus,
2635 2837 2728 2887 sed

1667 2918 1867 2960 tantum
1891 2912 2112 2975 calyces.

1729 2989 1795 3035 26
1831 2987 1908 3035 En
1925 2989 2076 3051 pallor
2096 2987 2382 3051 seniumque]
2463 2988 2543 3036 En
2578 2988 2728 3051 signa

1667 3061 1827 3111 studii
1872 3064 2034 3111 nostri
2078 3062 2374 3126 pertinacis,
2427 3070 2728 3128 nostrasque

1667 3136 1796 3186 adeo
1852 3136 2123 3200 profunde
2177 3138 2496 3187 eruditionis.
2595 3140 2727 3190 Qua

1665 3213 1824 3261 verba
1846 3213 2138 3262 attribuunt
2172 3212 2331 3277 aliqui
2370 3212 2552 3263 Persio
2592 3213 2725 3263 Poe-

1667 3293 1856 3336 tastros
1895 3288 2163 3337 irridenti:
2212 3289 2393 3336 melius
2435 3294 2611 3338 tamen
2654 3289 2726 3337 vi·

1663 3363 1853 3412 dentur
1890 3365 2157 3429 jungenda
2211 3379 2329 3414 cum
2384 3366 2727 3428 praecedenti-

1661 3437 1774 3500 bus,
1795 3445 1853 3487 ut
1876 3449 2059 3502 postea
2081 3440 2348 3504 Satyricus
2377 3442 2660 3492 exclamet:
2697 3458 2725 3492 s

1660 3513 1840 3561 mores!

1730 3591 1882 3656 Usque
1921 3596 2092 3643 adeone
2129 3596 2250 3644 scire
2287 3601 2436 3658 tuum,
2456 3594 2565 3657 ζα]
2630 3597 2725 3645 Er·

1659 3682 1790 3729 gone
1831 3684 2011 3719 vanam
2054 3673 2268 3734 gloriam
2310 3674 2455 3722 velut
2486 3673 2724 3723 ultimum

1658 3742 1812 3793 finem
1848 3745 2132 3796 studiorum
2172 3754 2376 3798 tuorum
2415 3749 2725 3798 constituis?

1660 3819 1730 3868 D.
1780 3819 2000 3885 August.
2058 3823 2229 3886 Epist.
2274 3829 2357 3874 66.
2408 3824 2725 3874 Dioscorum

1659 3895 1800 3956 vulgi
1846 3896 2024 3948 laudes
2075 3906 2360 3949 sectantem
2414 3901 2722 3970 perstringit

1660 3972 1910 4023 Persiano
1945 3976 2044 4024 hoc
2081 3976 2231 4026 loco:
2268 3978 2459 4040 6Ἥκω,
2497 3995 2528 4027 o
2568 3979 2721 4029 Dios-

1657 4063 1796 4112 core‚
1818 4065 1913 4098 nec
1932 4051 2168 4101 Persium
2189 4060 2330 4101 tunm
2365 4054 2580 4116 respicis
2600 4068 2721 4103 con·

1656 4132 1795 4176 torto
1819 4127 2071 4177 versiculo
2094 4128 2189 4178 tibi
2222 4128 2595 4193 insultantem,'
2615 4132 2719 4178 ἀο.

1653 4202 1757 4254 Ubi
1795 4204 2090 4256 Persianam
2128 4206 2443 4257 sententiam
2475 4203 2629 4260 affert
2661 4211 2719 4257 et
