3050 4913
534 384 667 452 212

533 542 751 609 Equites
775 540 999 592 Romani
1018 541 1106 606 qui
1140 540 1234 591 sub
1267 540 1476 605 regibus
1510 542 1602 591 Ce-

533 622 654 671 lem
680 637 701 671 .·
767 619 954 669 deinde
1013 617 1320 668 Παιώνια
1335 633 1354 675 ,·
1419 622 1602 681 postea

539 696 746 747 stomin·
763 695 893 745 dicti
912 700 1050 754 sunt,
1079 701 1209 743 teste
1228 693 1397 742 Plinio
1413 705 1599 741 xxxix.

531 778 581 825 2.
604 772 743 838 quod
779 770 981 822 scilicet
1016 770 1124 819 sine
1158 768 1441 833 peditibus,
1464 767 1598 817 duce

534 849 747 910 Numio,
768 847 1067 897 Trossulum
1093 845 1356 895 Hetrurioe
1388 845 1598 907 opidum

532 940 636 977 non
675 925 852 989 procul
891 938 923 973 a
959 923 1160 971 Volscis
1195 927 1597 985 expugnassent.

531 1002 632 1051 Vel
660 1000 919 1061 mss,
941 1003 1000 1047 ut
1021 997 1221 1046 Nonius
1255 997 1328 1046 ait
1358 997 1597 1056 Torosus,

530 1077 667 1127 bene
687 1075 912 1135 habitus,
930 1080 990 1123 et
1012 1073 1065 1122 in
1088 1080 1209 1122 cute
1232 1070 1461 1121 curanda
1484 1071 1599 1136 plus

534 1167 683 1218 equo
725 1158 989 1216 operatus,
1025 1149 1174 1213 cujus
1215 1149 1355 1198 Deus
1399 1154 1600 1211 venter,

533 1229 680 1295 quasi
710 1227 1006 1289 Torosulus,
1035 1240 1067 1275 a
1100 1232 1275 1275 torosa
1307 1230 1365 1273 et
1396 1239 1600 1274 muscu-

531 1307 641 1356 losa
691 1301 1019 1367 pinguedine.
1099 1300 1400 1351 cnaabonu
1449 1300 1599 1363 dicit,

536 1381 777 1432 muetos
814 1378 968 1441 vulgo
1003 1377 1197 1439 vocari,
1236 1377 1321 1442 qui
1361 1377 1506 1426 cultu
1543 1382 1600 1426 et

533 1465 647 1510 toto
690 1457 809 1507 vite
865 1468 1053 1519 genere
1096 1452 1303 1503 caeteris
1349 1460 1599 1516 praestare

534 1528 1069 1592 venena—Exsultat]
1100 1531 1308 1579 Terram
1332 1528 1465 1592 pede
1489 1534 1602 1578 tun-

532 1610 628 1671 dit,
661 1607 880 1673 plaudit,
916 1607 1247 1656 vehementer
1284 1604 1600 1656 delectatur.

532 1685 735 1748 -Tibsl
765 1685 912 1733 Vano
950 1682 1191 1731 nimirum
1223 1680 1422 1744 Poetae,
1458 1686 1600 1730 vete·

531 1775 647 1810 rum
662 1773 896 1808 sermone
910 1756 1149 1808 obsoleto
1164 1754 1600 1818 uterum—Leda]

532 1835 729 1898 Mollis,
748 1835 961 1898 politus,
986 1832 1261 1896 delicatus,
1283 1831 1477 1895 glaber.
1523 1830 1601 1879 Ir-

531 1912 919 1972 risorie.—Per‚
960 1908 1069 1973 esc]
1126 1910 1345 1961 'theatri
1397 1908 1601 1958 scilicet

533 1990 616 2039 vel
648 1989 803 2039 etiam
835 1987 1061 2049 aedificii,
1084 1987 1135 2036 in
1160 1987 1348 2053 quibus
1374 1985 1599 2036 Fabulas

532 2067 740 2117 recitas.
780 2065 1250 2127 laabim—Exultat,
1287 2061 1393 2125 asa]
1436 2062 1604 2114 Jacti-

533 2147 612 2191 tat
632 2155 747 2190 sese
768 2140 904 2190 iuter
922 2139 1170 2201 eruditos,
1187 2146 1245 2188 ut
1264 2153 1381 2188 cum
1405 2137 1457 2186 iu
1480 2136 1601 2187 sub-

530 2216 688 2267 selliis
711 2215 878 2276 sedet,
908 2219 997 2264 aut
1019 2228 1138 2263 cum
1162 2214 1346 2264 transit
1368 2228 1463 2277 per
1483 2213 1601 2262 sub·

533 2292 695 2355 sellia,
728 2290 908 2340 habita
947 2290 1269 2339 recitatione.
1353 2289 1513 2351 Quid,
1557 2289 1601 2338 si

531 2368 631 2417 hoc
654 2366 878 2429 accipias
902 2363 969 2414 de
1000 2363 1315 2414 auditoribus
1334 2361 1601 2426 ?—Loevis]

529 2445 682 2506 Δεῖος,
717 2441 885 2492 mollis
922 2455 983 2491 ac
1023 2438 1263 2506 τρυφερὸς,
1303 2440 1534 2505 proprie,
1572 2439 1601 2490 ὃ

529 2516 949 2584 παρατετιλμένη,
1011 2517 1186 2566 vulsus
1230 2523 1286 2567 et
1327 2516 1599 2568 resinatus.

537 2597 742 2647 Comb.

593 2677 658 2722 88
695 2672 841 2722 Nilne
858 2673 1022 2734 pudet,
1043 2670 1149 2734 aaa]
1178 2670 1369 2721 Obiter
1392 2671 1508 2734 jam
1543 2677 1602 2722 et

532 2748 677 2814 quasi
703 2761 795 2810 per
819 2746 1152 2811 parenthesin
1186 2746 1250 2795 ad
1282 2753 1510 2796 oratores
1544 2754 1602 2797 et

532 2840 827 2876 caussarum
868 2825 1141 2873 forensium
1176 2831 1379 2874 actores
1418 2832 1475 2874 et
1510 2840 1600 2888 pa-

530 2907 709 2952 tronos
733 2900 1082 2965 progreditur,
1101 2901 1152 2948 in
1170 2899 1354 2964 quibus
1379 2899 1599 2950 eandem

530 2977 814 3027 vanitatem
847 2977 1102 3041 exagitat.
1170 2976 1234 3024 ld
1274 2983 1376 3040 est,
1410 2977 1601 3027 Nonne

529 3059 584 3103 te
607 3052 789 3116 pudet,
813 3052 902 3101 ubi
938 3052 1004 3101 de
1030 3051 1262 3116 periculo
1286 3052 1471 3116 capitis
1494 3053 1600 3115 agi·

533 3134 637 3188 tur,
660 3135 714 3177 te
738 3143 840 3177 non
864 3143 1015 3192 posse
1037 3142 1209 3176 senem
1232 3142 1411 3177 canum
1436 3135 1492 3177 et
1513 3128 1604 3176 mi·

531 3202 812 3254 serabilem
849 3204 901 3252 in
936 3204 1142 3266 judicio
1176 3202 1479 3264 defendere,
1501 3204 1601 3253 uisi

530 3278 803 3329 verborum
825 3277 990 3328 fumos
1013 3279 1112 3328 tuis
1136 3279 1453 3329 auditoribus
1481 3294 1600 3328 ven·

529 3355 640 3420 das,
661 3362 716 3405 et
740 3355 851 3404 illas
872 3356 1270 3405 acclamationes
1291 3357 1444 3418 Euge,
1465 3357 1602 3419 belle,

527 3438 671 3496 recte,
692 3436 928 3494 decenter,
951 3433 1050 3482 tibi
1080 3441 1296 3496 expetas
1328 3440 1487 3497 atque
1510 3449 1599 3483 ex-

529 3516 679 3575 optes
696 3510 950 3573 ?—Capiti
970 3509 1108 3573 cano]
1144 3509 1225 3558 Ibi
1245 3510 1382 3558 enim
1405 3510 1599 3573 simpli·

526 3589 672 3641 cibus
692 3588 863 3638 verbis
884 3587 1015 3637 'fletu
1039 3596 1095 3638 et
1114 3588 1441 3637 miseratione
1466 3604 1597 3654 opus

528 3671 661 3726 erat,
681 3665 822 3714 nulla
847 3664 1117 3713 verborum
1149 3670 1203 3714 et
1223 3662 1495 3728 figurarum
1518 3680 1598 3714 so·

527 3741 674 3791 licita
694 3742 1062 3806 curm—Cano]
1097 3743 1214 3802 Vel,
1253 3740 1418 3791 alieno
1449 3742 1597 3804 cujus

529 3822 778 3879 patronus
807 3832 880 3866 es.
940 3818 1037 3866 Vel
1065 3818 1257 3880 potius,
1288 3824 1380 3866 tuo
1414 3817 1595 3881 ipsius.

530 3892 691 3943 Quasi
726 3892 897 3941 dicat:
948 3893 1316 3957 Turpissimum
1336 3902 1417 3942 est
1440 3908 1596 3943 canos

526 3982 673 4017 senes
696 3968 945 4031 ejusmodi
971 3968 1189 4032 ineptias
1224 3977 1278 4018 et
1307 3984 1469 4033 nugas
1505 3968 1595 4017 ad-

526 4044 629 4094 huc
653 4045 964 4094 consectari.
996 4043 1116 4094 Lub.
1164 4046 1263 4093 Vel
1289 4061 1408 4094 vere
1434 4048 1597 4095 Cano.-

527 4121 666 4185 quod
683 4130 837 4183 auget
854 4118 1024 4169 τάσσει
1062 4120 1145 4168 vel
1166 4127 1335 4169 atrato
1359 4127 1413 4169 et
1428 4123 1598 4185 squal-

524 4196 634 4246 lido
660 4211 862 4246 reorum
885 4210 1061 4245 more:
1101 4211 1218 4260 quoe
1236 4198 1390 4246 etiam
1409 4212 1491 4247 res
1511 4213 1596 4248 ca·

526 4273 712 4324 nitiem
734 4273 867 4326 solet
890 4272 1202 4326 accelerare.
1232 4272 1595 4326 casana—Pe·

1241 399 1456 448 NOTAE
1500 396 1836 447 vantonu
1850 397 1901 444 M
1951 396 2029 444 ΙΝ

1675 540 1853 603 ricula]
1909 538 2136 600 Crimina
2179 538 2388 604 objecta
2436 544 2492 590 et
2542 553 2747 605 penas.

1677 617 1850 666 Labi..

1741 697 1805 742 84
1825 692 2032 755 Pellere]
2058 693 2271 754 Arcere,
2288 700 2614 757 avertere,et
2628 710 2750 758 pro-

1676 768 1875 832 fligare.
1909 770 2303 832 laabim—Quin,
2323 770 2428 832 ξω]
2467 771 2608 821 Quin
2633 772 2749 835 glo-

1677 847 1766 895 riae
1791 854 1893 896 tuae
1916 847 2130 907 servias,
2159 853 2213 895 et
2244 845 2295 894 id
2335 847 2595 911 praecipua
2616 862 2749 897 cura

1678 938 1817 986 agas,
1835 931 1893 972 ut
1917 923 2152 986 plausum
2177 921 2313 972 feras
2335 939 2347 971 :
2389 923 2528 988 quod
2545 923 2750 973 instito-

1677 1000 1749 1048 ris
1772 999 2080 1064 eloquentiae
2106 998 2391 1062 proprium,
2424 1014 2524 1048 non
2548 1000 2644 1049 viri
2668 1016 2749 1051 sa·

1676 1074 1884 1137 pientis.
1929 1075 2197 1124 Vocantur
2217 1080 2387 1124 autem
2410 1077 2587 1140 tepida,
2604 1076 2749 1126 dicta

1676 1151 1971 1211 mediocria,
2008 1164 2108 1201 nec
2149 1151 2327 1213 primae
2365 1159 2538 1201 notae:
2577 1159 2638 1201 ut
2672 1154 2746 1202 sit

1672 1228 1844 1276 audire
1880 1228 2085 1290 tepidum
2109 1229 2341 1289 decenter,
2365 1227 2495 1276 velle
2517 1227 2747 1290 laudari,

1674 1304 1758 1353 vel
1795 1302 1997 1353 modica
2032 1303 2348 1353 laudatione.
2422 1303 2612 1352 Sensus
2654 1302 2745 1353 bie

1674 1380 1804 1430 erit:
1846 1395 1965 1430 cum
2011 1378 2297 1430 defendens
2342 1394 2485 1428 reum
2529 1379 2746 1444 capitis,

1673 1456 1988 1505 carminibus
2012 1457 2117 1505 suis
2137 1455 2616 1520 infamem,sperare
2639 1466 2745 1507 non

1675 1531 1837 1596 possis
1856 1547 1944 1581 eas
1968 1532 2381 1593 acclamationes,
2404 1546 2529 1596 quas
2552 1532 2744 1582 mereri

1675 1608 1808 1657 solet
1833 1607 1980 1657 bonae
2004 1622 2175 1657 causoe
2199 1607 2422 1657 disertus
2453 1614 2704 1672 patronus
2723 1623 2742 1660 t

1675 1689 1733 1732 tu
1759 1690 1932 1733 tamen
1969 1683 2099 1732 adeo
2138 1698 2314 1733 vecors
2349 1698 2426 1745 es,
2464 1690 2524 1732 ut
2554 1698 2627 1733 ne
2664 1683 2742 1737 sic

1674 1759 1882 1823 quidem
1908 1759 2133 1824 gloriolae
2155 1758 2381 1808 studium
2413 1772 2600 1823 ponas:
2647 1758 2743 1809 sed

1673 1835 1811 1884 omni
1832 1836 2001 1884 studio
2026 1835 2080 1884 id
2104 1836 2303 1884 conaris
2324 1832 2554 1897 efficere,
2572 1844 2636 1885 ut
2657 1836 2744 1885 vel

1676 1910 1853 1973 tepide
1874 1910 2118 1972 lauderis,
2133 1912 2175 1961 si
2201 1911 2354 1974 pleno
2373 1925 2464 1959 ore
2496 1925 2601 1961 non
2625 1917 2745 1974 pot·

1671 2000 1750 2036 es.
1791 1988 1996 2038 Cmab.
2065 1988 2161 2036 Est
2197 1987 2334 2036 enim
2368 1989 2607 2050 decenter,
2639 2001 2742 2036 vox

1675 2065 2090 2126 acclamantium,
2128 2079 2281 2129 quam
2335 2065 2388 2113 in
2428 2064 2744 2128 capitalibus

1675 2141 1832 2190 etiam
1852 2141 1952 2190 sibi
1974 2140 2293 2204 quaerebant.
2358 2139 2607 2203 repictus-a,
2633 2140 2743 2188 ina-

1675 2231 1789 2278 nes,
1812 2216 1976 2266 minus
1992 2216 2209 2277 validas,
2226 2216 2428 2280 tepidas
2450 2222 2506 2265 et
2525 2214 2741 2280 frigidas

1676 2301 1731 2343 et
1755 2295 1881 2344 viles
1904 2293 2095 2343 laudes.
2133 2293 2306 2342 Μία.

1741 2375 1803 2420 8⁵
1841 2370 1943 2420 Far
1961 2370 2148 2433 οιΑ-σῇ
2184 2369 2337 2421 Quod
2375 2369 2530 2431 dixit,
2566 2384 2741 2420 exem·

1678 2447 1764 2512 plo
1789 2445 1937 2496 Pedii
1958 2445 2211 2509 declarat,
2243 2446 2329 2511 qui
2365 2461 2397 2495 a
2434 2446 2743 2511 Cyrenensi·

1677 2524 1774 2574 bus
1797 2523 1925 2573 furti
1960 2529 2017 2572 et
2047 2523 2314 2587 sacrilegii
2337 2530 2631 2586 accusatus,
2651 2525 2742 2574 hu-

1668 2599 1899 2663 jusmodi
1925 2599 2070 2649 malis
2103 2598 2299 2649 artibus
2328 2614 2384 2649 se
2423 2599 2742 2651 defendit.—

1673 2673 1787 2739 Ait]
1820 2674 2161 2725 Adversarius
2182 2682 2456 2725 accusator
2470 2676 2743 2740 'Cyrenen-

1677 2752 1764 2820 sis.
1786 2780 1850 2789 —
1874 2751 2052 2802 Pedias
2093 2752 2230 2816 qaid]
2293 2752 2359 2801 id
2395 2759 2497 2812 est,
2533 2752 2748 2817 Pedius,

1677 2827 1762 2876 ubi
1785 2827 2079 2890 hujusmodi
2100 2828 2298 2877 crimen
2331 2829 2427 2878 sibi
2456 2828 2746 2892 objectum,

1678 2903 1800 2969 quid
1839 2910 1948 2953 tum
1986 2905 2284 2968 respondet,
2315 2920 2417 2969 qua
2452 2904 2656 2955 ratione
2685 2920 2745 2956 se

1677 2986 1910 3042 excusat,
1937 2987 1993 3030 et
2029 2979 2267 3030 defendit
2280 2982 2608 3044 ?-—Crintina,
2630 2979 2746 3046 ξω]

1677 3057 1836 3109 Quasi
1860 3058 2034 3108 dicat:
2074 3059 2173 3107 Ille
2190 3073 2314 3107 vero
2331 3073 2429 3108 non
2452 3059 2657 3109 directe
2678 3058 2744 3108 ad

1678 3133 1868 3182 crimen
1890 3133 1989 3183 sibi
2011 3134 2270 3198 objectum
2310 3135 2616 3199 respondet,
2652 3135 2742 3185 sed

1677 3210 1844 3259 missis
1894 3212 2031 3261 veris
2077 3219 2132 3259 et
2180 3211 2359 3261 solidis
2404 3213 2742 3275 argumentis,

1678 3287 1863 3352 quibus
1896 3286 2030 3337 forte
2065 3288 2387 3348 destituitur,
2419 3288 2743 3338 solummodo

1678 3361 1945 3413 verborum
1986 3362 2211 3415 flosculis
2231 3371 2286 3415 et
2306 3365 2593 3429 lenociniis,
2612 3364 2740 3430 figa-

1676 3438 1747 3488 ris
1769 3447 1824 3489 et
1847 3439 2132 3490 Antithctis
2166 3441 2379 3490 crimina
2410 3442 2509 3490 sibi
2531 3441 2742 3505 objecta

1673 3514 1848 3576 librat,
1890 3515 2164 3579 ponderat,
2195 3524 2253 3567 et
2287 3517 2528 3579 trutinat,
2567 3525 2624 3567 et
2657 3530 2741 3566 ne-

1677 3591 1785 3640 scio
1808 3607 1911 3657 qua
1932 3593 2290 3644 circumitione
2328 3609 2359 3643 a
2395 3610 2451 3643 se
2490 3599 2740 3644 removet.

1673 3663 2154 3731 Labia.—Cn‘mina,
2174 3668 2283 3732 ζα]
2315 3669 2396 3718 Ad
2421 3670 2740 3719 concinnita-

1677 3749 1780 3792 tem
1801 3743 2138 3793 Periodorum
2159 3752 2242 3794 est
2265 3743 2615 3806 referendum,
2632 3744 2742 3810 qui·

1672 3817 1768 3866 bus
1792 3819 2108 3882 includebat,
2132 3820 2342 3884 objecta
2369 3821 2471 3871 sibi
2504 3821 2740 3884 crimina,

1671 3901 1732 3944 ut
1774 3896 2041 3946 videretur
2072 3897 2313 3960 periodos
2350 3897 2649 3961 appendere
2686 3899 2739 3948 in

1671 3971 1894 4022 bilance.
1979 3973 2042 4022 Id
2084 3982 2182 4032 est,
2222 3975 2459 4025 Quadam
2507 3965 2740 4025 modera-

1673 4049 1831 4111 tione,
1851 4051 2007 4100 verba
2033 4052 2269 4114 trutinat,
2291 4052 2366 4101 ita
2390 4059 2447 4102 ut
2467 4068 2740 4105 numerum

1671 4125 2002 4189 syllabarum,
2021 4126 2231 4189 pedum,
2245 4142 2474 4190 casuum,
2490 4139 2548 4177 et
2569 4130 2742 4179 omnia

1670 4201 1893 4266 denique
1917 4202 2233 4266 consideret,
2254 4217 2319 4252 ne
2340 4204 2457 4268 plus
2474 4204 2614 4254 sitin
2639 4219 2740 4255 uno

1670 4292 1825 4345 quam
1849 4277 1899 4328 in
1923 4279 2090 4330 altero
2117 4280 2367 4332 membro.
2430 4282 2660 4346 Speraus
2681 4296 2740 4334 sa
