3050 4913
576 357 706 428 162

577 523 910 590 Continuo
937 540 1229 588 crassum
1258 519 1427 585 ridet
1454 518 1813 585 Vulfenius
1843 520 2092 603 ingene,

1334 377 1405 425 A.
1453 373 1701 423 pensu
1758 374 2024 423 FLAcct

2659 523 2779 594 190

578 625 661 691 Et
691 631 953 691 centum
980 624 1260 689 Graecos
1288 628 1478 687 curto
1508 628 1819 687 centusse
1847 623 2098 687 licetur.

569 810 747 860 rustice
762 808 1084 872 cachinnantur,
1102 814 1150 858 et
1168 813 1381 859 centenos
1400 809 1596 858 Grecos
1612 809 1821 857 «estimat
1842 813 2029 859 centum
2048 807 2232 858 assibus
2253 809 2524 859 doctrinis.

1505 935 1862 955 000000000000

582 1023 674 1069 191
719 1017 975 1081 Vulpem'ns
995 1016 1136 1068 Edit.
1159 1018 1340 1083 Steph.
1417 1017 1698 1079 Vulfeanius
1718 1020 1820 1070 Ms.
1845 1019 1913 1070 R.
1979 1020 2200 1070 variant
2223 1020 2403 1086 scripti
2423 1016 2781 1079 Pulfenaias‘et

593 1085 893 1148 Vulpmius.
962 1082 1250 1133 Casaubon.
1315 1082 1574 1143 Pulfenius
1595 1085 1657 1136 C.

1580 1231 1794 1282 Nom-2

580 1350 636 1396 et
658 1341 911 1408 imperitis
943 1340 1211 1402 militibus,
1230 1341 1275 1391 si
1314 1341 1393 1391 vis
1430 1355 1550 1391 cum
1572 1341 1648 1391 lu-

581 1420 752 1472 dibrio
784 1426 844 1470 et
876 1433 1039 1468 sanna
1075 1418 1262 1483 excipi.
1329 1418 1491 1471 Quasi
1524 1432 1649 1468 vero

581 1495 754 1546 ferant
777 1494 852 1543 illi
875 1508 930 1544 se
954 1493 1057 1543 dici
1095 1508 1195 1543 non
1220 1508 1433 1559 usquam
1453 1508 1567 1544 esse
1588 1495 1648 1543 li·

582 1572 755 1633 beros,
776 1568 867 1619 sed
891 1570 1042 1633 plane
1059 1583 1253 1618 servos.
1299 1569 1455 1619 ProV.
1473 1570 1648 1620 Graec.

578 1646 888 1711 στρατιωτικὴ
904 1644 1107 1708 ἀλογίας
1130 1646 1484 1697 Militummore
1499 1648 1648 1697 ratio-

582 1739 686 1775 nem
703 1724 829 1774 haud
856 1725 1000 1787 cupit.

655 1801 897 1851 Van-iconas
925 1799 1237 1864 centaurium]
1302 1792 1408 1853 Qui
1456 1801 1649 1852 habent

580 1879 633 1928 in
657 1877 896 1928 cruribus
918 1878 1117 1928 varices
1153 1892 1183 1927 e
1218 1877 1398 1928 labore
1419 1878 1650 1943 militari,

585 1955 777 2021 quique
819 1962 879 2004 ut
917 1969 1138 2017 corpore
1169 1955 1243 2005 sic
1290 1956 1459 2005 animo
1514 1955 1649 2006 intu-

583 2038 839 2082 mescunt.
905 2032 1123 2082 Varices
1146 2047 1301 2097 porro
1341 2041 1462 2083 sunt
1501 2047 1648 2083 venae

583 2108 747 2157 multo
786 2112 843 2156 et
873 2107 1077 2172 impuro
1098 2110 1346 2173 sangnine
1367 2108 1561 2160 inflatae
1596 2110 1649 2159 in

585 2182 860 2242 cruribus3
912 2183 1047 2247 quod
1083 2183 1397 2246 cursoribus,
1442 2184 1651 2249 bajulis,

581 2266 643 2308 et
664 2259 752 2308 diu
774 2257 1029 2308 stantibus
1052 2259 1307 2321 accidere,
1331 2261 1406 2309 ait
1429 2259 1651 2310 Avicen-

583 2349 671 2385 na.
734 2334 967 2385 varicosi
992 2335 1234 2386 dicuntur
1255 2335 1412 2386 fuisse
1437 2337 1513 2387 M.
1533 2338 1652 2387 Tul·

584 2411 683 2461 lius
721 2411 926 2475 Cicero,
956 2413 1016 2463 C.
1050 2412 1268 2476 Marius,
1286 2413 1496 2478 aliique.
1564 2415 1650 2465 De

584 2488 758 2538 Mario
779 2489 891 2552 lpse
912 2489 1108 2539 Tullius
1129 2491 1336 2541 Tuscul.
1358 2491 1562 2544 Quaest.
1586 2503 1650 2540 ιι.

585 2579 641 2615 n.
666 2570 745 2616 5³.
783 2567 859 2616 sic
890 2566 1079 2616 habet:
1134 2569 1150 2595 ‘
1178 2568 1237 2618 C.
1274 2567 1476 2617 Marius
1498 2568 1651 2616 rusti-

587 2655 746 2692 canus
767 2642 864 2704 vir,
886 2642 980 2691 sed
1017 2643 1169 2706 plane
1193 2642 1291 2706 vir,
1313 2658 1429 2693 cum
1452 2657 1652 2693 secare·

585 2725 691 2781 tur,
714 2719 880 2768 vetuit
914 2732 968 2766 se
1001 2718 1215 2782 alligari,
1245 2732 1343 2767 nec
1379 2719 1651 2784 quisquam

588 2802 710 2847 ante
734 2794 961 2845 Marium
974 2796 1172 2844 solutus
1193 2792 1387 2843 dicitur
1408 2794 1522 2844 esse
1544 2810 1653 2844 sec-

588 2879 692 2924 tus.
740 2872 847 2921 Cur
867 2884 996 2935 ergo
1016 2875 1200 2934 postea
1213 2869 1299 2918 alii
1316 2871 1336 2918 ?
1354 2870 1517 2919 valuit
1537 2885 1653 2920 auc-

589 2946 794 2996 toritas.
816 2972 881 2984 -—
906 2947 1036 2996 Crns
1098 2960 1219 2995 vero
1270 2947 1491 2996 alterum
1545 2962 1649 2997 non

586 3021 833 3087 praebuit.
896 3022 982 3072 Ita
1003 3028 1059 3072 et
1084 3022 1202 3071 tulit
1223 3021 1451 3072 dolorem
1475 3029 1536 3073 ut
1550 3023 1650 3086 vir,

586 3104 643 3147 et
662 3103 723 3147 ut
741 3098 891 3148 bomo
914 3098 1157 3162 majorem
1178 3098 1336 3160 ferre,
1358 3098 1467 3147 sine
1490 3113 1649 3147 causa

587 3174 894 3236 necessaria,
916 3174 1114 3223 noluit.'
1148 3174 1348 3224 Plinius
1371 3187 1450 3225 ιι.
1473 3180 1554 3225 45.
1578 3176 1651 3224 ait

586 3248 653 3300 C.
678 3248 918 3310 Marium,
952 3250 1042 3314 qui
1076 3249 1269 3312 septies
1308 3249 1498 3299 Consul
1532 3248 1652 3312 filit,

586 3331 815 3375 stantem
849 3324 949 3374 sibi
981 3339 1182 3390 passum
1208 3326 1407 3375 varices
1426 3325 1654 3387 extrahi,

588 3401 729 3451 inter
760 3401 986 3451 homines
1008 3416 1161 3450 unum
1184 3417 1199 3460 ;
1249 3400 1451 3450 scilicet
1473 3415 1537 3451 eo
1559 3415 1653 3449 sae·

586 3478 739 3528 culo:
788 3478 980 3527 namin
1002 3479 1115 3527 aliis
1151 3476 1206 3526 id
1238 3476 1434 3526 fuctum
1458 3483 1654 3542 postea,

587 3553 739 3602 testis
762 3553 949 3602 Cicero
988 3554 1102 3603 loco
1136 3567 1255 3602 mox
1294 3553 1476 3603 citato.
1547 3555 1654 3602 De·

586 3628 743 3691 nique
770 3628 1079 3678 Plutarchus
1100 3631 1153 3678 in
1177 3630 1303 3680 Vita
1326 3631 1479 3680 Marii
1502 3631 1652 3680 initio

590 3702 754 3754 refert
789 3718 906 3753 enm
929 3720 1077 3754 crura
1105 3708 1260 3770 plena
1283 3708 1545 3757 varicibus
1565 3708 1654 3757 ha·

590 3777 781 3841 baisse,
823 3788 878 3828 et
919 3796 1038 3830 cnm
1081 3781 1462 3834 deformitatem
1513 3796 1655 3848 tegre

591 3852 773 3918 ferret,
807 3861 1060 3907 accersito
1095 3860 1325 3922 Medico,
1359 3862 1494 3910 haud
1531 3862 1654 3922 liga-

593 3937 723 3992 tum,
752 3932 972 3981 alterum
1008 3948 1126 3983 crus
1165 3935 1462 4000 prebuisse,
1498 3942 1655 4001 atque

589 4009 728 4058 inter
779 4009 1128 4070 incidendum,
1178 4013 1440 4062 constanti
1486 4014 1655 4063 animo

591 4084 916 4149 perstitisse:
975 4093 1032 4134 at
1085 4099 1211 4133 vero
1266 4101 1382 4135 crus
1434 4087 1656 4136 alterum

590 4160 830 4234 poscenti
853 4160 1067 4209 Medico
1091 4176 1323 4226 negasse,
1351 4163 1658 4228 subjecisse-

594 4252 727 4315 (μοι
783 4243 986 4290 tantum
1039 4237 1270 4289 dolorem
1313 4240 1501 4291 iterum
1544 4254 1659 4305 per-

1726 1339 1881 1406 ferre,
1903 1341 2167 1407 indignum
2191 1356 2248 1391 se
2270 1342 2529 1397 arbitrari.

1797 1417 2130 1482 Centuriones]
2149 1420 2413 1469 Ductores
2426 1419 2679 1483 peditum.
2704 1419 2789 1470 De

1726 1492 1823 1556 his,
1842 1495 1966 1544 vide
1987 1494 2264 1559 vegetium
2302 1495 2370 1545 de
2408 1509 2465 1545 re
2490 1495 2727 1559 Militari,
2754 1496 2789 1545 l.

1728 1584 1792 1622 ιι.
1839 1572 2063 1635 Dionys.
2085 1571 2354 1621 Halicarn.
2391 1572 2426 1620 l.
2451 1585 2526 1621 xv.
2558 1574 2576 1599 ⁸
2600 1572 2792 1621 Centu-

1729 1648 1933 1710 riones,'
1963 1649 2144 1713 inquit,
2174 1650 2190 1676 ‘
2216 1648 2376 1697 electi
2398 1651 2549 1697 erant
2584 1661 2652 1696 ex
2690 1661 2793 1696 om-

1728 1725 1876 1774 nibus
1898 1724 2038 1774 bello
2068 1723 2285 1786 strenui,
2318 1724 2409 1788 qui
2447 1737 2567 1772 suos
2601 1724 2793 1788 quique

1728 1802 2020 1866 manipulos
2051 1802 2209 1865 jussis
2247 1801 2672 1864 obtemperantes
2712 1815 2794 1849 ex-

1727 1876 2006 1927 hibebant!
2071 1878 2151 1926 Ex
2190 1876 2269 1924 his
2302 1876 2599 1940 intelligere
2632 1884 2714 1926 est
2747 1891 2796 1926 a-

1731 1953 1857 2002 lium
1892 1952 2266 2002 Centurionem
2305 1952 2685 2016 manipularem
2721 1951 2796 2001 fu-

1730 2030 1852 2091 isse,
1891 2030 1978 2095 qui
2017 2029 2201 2094 viginti
2241 2027 2483 2089 militum,
2524 2035 2585 2078 et
2628 2028 2795 2078 turba

1730 2106 2058 2155 Scutatornm
2099 2104 2290 2154 ductor
2322 2110 2456 2167 erat,
2479 2104 2635 2153 alium
2678 2117 2796 2153 vero

1731 2181 2099 2231 centurionem
2133 2179 2484 2243 Primipilum,
2505 2180 2594 2243 qui
2630 2178 2794 2228 trihus

1729 2255 1934 2305 vexillis
1959 2261 2216 2319 praeerat3
2264 2267 2422 2317 porro
2446 2254 2696 2304 vexillum
2715 2254 2799 2302 ho-

1729 2335 1893 2382 mines
1935 2339 2147 2382 centum
2195 2331 2465 2396 octoginta
2505 2337 2615 2381 tres
2664 2346 2798 2381 com·

1729 2408 2077 2473 plectebatur.
2159 2407 2294 2458 Vide
2334 2408 2490 2459 Alex.
2534 2407 2604 2458 ab
2643 2406 2797 2459 Alex.

1731 2499 1770 2534 ι.
1794 2492 1844 2536 6.
2091 2535 2096 2540 .

1796 2565 1891 2611 190
1946 2562 2169 2612 Crassum
2210 2561 2364 2626 ridet]
2423 2563 2676 2625 Ingentes
2721 2577 2799 2611 re-

1728 2643 1888 2700 pente
1925 2638 2205 2688 cachinnos
2245 2638 2406 2700 tollit,
2443 2644 2502 2686 et
2545 2637 2601 2687 in
2639 2637 2797 2688 risum

1733 2711 1951 2763 effusum
1992 2714 2226 2763 solvitur.
2325 2712 2576 2774 Vndsenius
2615 2713 2798 2776 ingens,

1731 2791 1887 2841 Miles
1923 2797 2014 2840 aut
2060 2790 2305 2842 Centurio
2345 2803 2594 2854 procerus
2629 2796 2687 2840 et
2721 2804 2798 2838 ro·

1730 2867 1934 2918 bustus.
2025 2865 2296 2926 Vulfenius:
2342 2864 2523 2916 fictum
2561 2880 2596 2914 a
2633 2865 2798 2914 Poeta

1732 2958 1918 2993 nomen
1952 2942 2205 3004 creditur,
2245 2957 2340 3005 pro
2377 2956 2480 3007 quo
2517 2941 2716 3006 legitur
2743 2947 2798 2991 et

1741 3020 2046 3084 Vulpennius,
2065 3024 2121 3067 et
2143 3017 2439 3078 Pulsantu-

1798 3101 1890 3146 191
1927 3097 1999 3145 Et
2022 3099 2208 3145 eentum
2230 3095 2439 3155 Grecos,
2458 3092 2569 3156 ξω]
2633 3093 2800 3142 Philo·

1731 3174 1920 3236 sophos
1959 3179 2168 3222 centnm
2191 3184 2255 3219 ea
2277 3169 2566 3219 sentientes
2587 3175 2644 3217 et
2668 3166 2798 3217 affin

1731 3257 1934 3300 mantes
1951 3265 2139 3314 magno
2156 3255 2346 3299 conatu
2368 3248 2592 3297 totidem
2606 3247 2798 3298 assibus

1733 3328 1863 3377 nolit
1886 3341 2075 3390 emere,
2094 3326 2285 3376 nedum
2315 3324 2474 3374 fldem
2503 3324 2699 3373 babeat
2719 3337 2801 3373 eo-

1732 3419 1843 3454 rum
1865 3403 2024 3454 dictis
2046 3403 2146 3453 etsi
2177 3401 2474 3452 verissimis.

1798 3479 2019 3542 Grecos]
2068 3480 2158 3528 Sic
2179 3479 2289 3527 Sat.
2313 3491 2354 3527 1.
2378 3475 2572 3540 posuit,
2591 3476 2806 3541 crepidas

1737 3555 1996 3604 Graiorum
2011 3570 2029 3611 ‚-
2077 3569 2261 3617 nempe
2283 3569 2313 3602 e
2336 3554 2548 3604 Gracia
2580 3568 2801 3603 emersas

1734 3637 1856 3682 runt
1891 3646 2065 3681 omnes
2099 3629 2209 3680 fere
2231 3628 2552 3693 Philosophi,
2573 3629 2803 3679 Philoso-

1733 3708 1873 3773 phiae
1896 3715 1952 3758 et
1974 3708 2258 3773 Sapientia!
2291 3706 2604 3770 rudimenta,
2645 3705 2800 3758 inmo

1735 3785 2050 3834 documenta
2070 3790 2127 3834 et
2149 3784 2352 3832 lumina.

1803 3863 1952 3911 cmo
1971 3866 2176 3910 centusse
2197 3860 2390 3924 licetur]
2416 3861 2678 3911 Centnsse
2698 3876 2804 3911 mu·

1735 3937 2025 3997 tilsto,non
2049 3938 2271 4001 integro,
2295 3935 2530 4001 adeoque
2569 3935 2662 3986 vix
2702 3950 2800 3986 uns

1738 4025 1848 4061 asse
1871 4026 2025 4061 unum
2050 4013 2346 4077 Sapientem
2370 4013 2615 4063 aestimat.

1803 4087 2017 4150 licetur]
2039 4088 2214 4150 Moeri,
2230 4093 2312 4138 est
2331 4089 2385 4138 in
2404 4090 2656 4141 auctione
2679 4088 2803 4155 pub·

1737 4165 1841 4216 lica
1863 4166 2085 4231 pretium
2105 4163 2323 4215 deferre.
