3050 4913
483 359 650 427 clxii

486 516 643 569 amici
662 517 766 579 xiv,
787 521 849 567 65
900 516 1085 581 clypeo
1108 525 1165 567 et
1185 516 1335 568 hasta
1351 517 1456 567 Dei
1482 517 1556 580 xi,

488 588 589 634 106
652 583 897 632 veniente
918 597 1128 631 sarraco
1151 582 1226 643 iii,
1268 586 1363 632 255
1433 596 1555 630 veu-

490 655 611 700 turo
643 643 849 711 hospite
886 647 1117 696 cessabit
1156 662 1306 697 nemo
1348 654 1553 696 tuorum

489 714 600 775 xiv,
622 716 688 761 59

555 775 758 826 Venter
794 775 1036 826 Montani
1088 776 1238 827 adest
1277 775 1555 825 abdomine

489 842 670 894 tardus
688 842 759 902 iv,
807 845 899 889 107
968 841 1010 890 si
1050 841 1281 904 pascitur
1326 841 1556 904 inguine,

487 922 603 974 mea
627 905 816 957 Clotho
852 911 909 954 et
946 905 1189 955 Lachesis
1230 904 1458 968 gaudent
1482 904 1555 966 ix,

488 975 587 1021 186
653 970 848 1020 ventris
870 969 1176 1018 vacuifuror
1195 980 1278 1030 κν,
1304 973 1397 1019 100
1431 983 1555 1018 ven-

487 1036 560 1085 tri
603 1033 817 1085 indulsit
853 1048 955 1083 non
1001 1048 1149 1083 omne
1188 1034 1429 1097 legumen
1466 1048 1556 1096 xv,

490 1104 587 1149 174
653 1105 889 1149 ventrem
936 1104 1080 1149 tuum
1121 1098 1367 1159 ostendit,
1399 1113 1553 1173 geue·

487 1178 609 1215 rose
655 1163 958 1213 Britannice
1004 1163 1072 1225 vi,
1112 1167 1206 1212 124
1291 1162 1555 1225 trepidum

488 1227 590 1280 tibi
614 1229 820 1277 solvunt
859 1241 1056 1276 cornua
1073 1228 1180 1290 xiv,
1202 1230 1298 1277 199
1363 1227 1417 1276 in
1439 1241 1556 1275 ven·

489 1299 622 1344 trem
678 1291 860 1341 mersis
917 1291 1069 1342 rebus
1105 1293 1176 1369 xi²
1220 1296 1285 1343 40
1373 1298 1555 1341 ventre

489 1355 621 1406 nihil
659 1354 911 1420 frugalius
949 1371 999 1416 v,
1043 1361 1076 1405 6
1158 1371 1209 1405 m
1242 1362 1426 1406 ventre
1463 1370 1554 1405 ne·

490 1420 683 1472 candos
723 1421 953 1471 homines
977 1421 1048 1482 vi,
1090 1424 1187 1471 596
1252 1427 1438 1470 ventre
1481 1421 1554 1469 la-

485 1485 844 1606 53⁸3&ss
882 1494 1556 1612 125⁰“2222513002‘2'4252

848 1585 864 1611 2

489 1612 665 1664 modio
708 1609 886 1678 in'iquo
930 1616 1048 1677 xiv‚.
1082 1617 1179 1664 126
1243 1614 1302 1664 in
1341 1622 1553 1664 ventres

490 1693 661 1729 soevos
685 1678 878 1728 abeant
901 1685 1014 1729 tota
1034 1679 1244 1729 novalia
1260 1679 1368 1737 xiv,
1392 1683 1490 1728 149

553 1742 829 1796 Ventidius
884 1749 942 1792 et
983 1744 1188 1793 Tullius
1227 1742 1352 1808 quid
1396 1743 1557 1807 alind,

492 1821 642 1872 quam
667 1806 863 1857 occulti
904 1806 1136 1857 miranda
1175 1807 1413 1871 potentia
1456 1807 1555 1857 fati

486 1873 581 1934 vii,
606 1876 702 1922 199
734 1872 786 1921 in
812 1870 1064 1921 Ventidio
1084 1870 1344 1922 laudabile
1367 1887 1556 1922 nomen

488 1936 646 1989 sumit
666 1936 871 1985 luxuria
890 1936 962 2000 xi,
981 1941 1046 1986 22

553 1997 790 2050 Ventilet
829 2001 1184 2064 ignemcursu
1208 2000 1282 2061 iii,
1325 2004 1421 2050 258
1467 2015 1557 2049 au·

490 2080 604 2122 rum
627 2064 862 2114 aestivnm
895 2065 1075 2129 digitis
1110 2064 1411 2114 sudantibus
1433 2065 1557 2127 ἰ,28

554 2130 788 2178 Ventosa
855 2127 1127 2178 cucurbita
1167 2129 1279 2192 jam
1351 2129 1555 2193 pridem

487 2207 550 2243 ea
627 2201 648 2242 t
691 2193 789 2242 hoc
834 2194 1025 2258 querit
1045 2194 1154 2256 xiv,
1193 2197 1257 2242 58
1339 2201 1556 2243 ventoso

486 2271 548 2309 su
607 2272 814 2327 aggere⁴
835 2257 1095 2308 conducta
1115 2257 1252 2307 texit
1268 2257 1386 2321 viii,
1406 2262 1471 2307 4³

477 2321 489 2332 ‘
552 2320 922 2372 Ventricui‘um
962 2321 1099 2372 iufra
1119 2337 1282 2372 vacua
1301 2329 1359 2372 et
1401 2323 1558 2386 plana

488 2384 822 2437 dmniadicas
840 2386 916 2449 iii,
936 2391 1000 2437 97

553 2452 754 2502 Ventus
774 2451 927 2503 adest
943 2468 1068 2503 aura
1083 2451 1292 2503 modica
1307 2467 1410 2503 non
1425 2453 1557 2502 mul-

489 2524 546 2568 to
587 2516 777 2568 fortior
803 2518 898 2581 xii,
927 2522 990 2568 67
1059 2517 1258 2567 Auster
1297 2518 1450 2568 sedet
1492 2532 1556 2567 ac

486 2596 546 2632 se
569 2582 821 2644 continet,
843 2589 899 2632 et
922 2580 1154 2632 madidas
1177 2582 1345 2632 siccat
1365 2583 1418 2631 in
1440 2596 1555 2632 car-

489 2650 609 2697 cere
634 2661 830 2710 pennas
850 2662 898 2709 v,
917 2651 1011 2696 100
1077 2655 1374 2711 ventofquo
1391 2661 1559 2724 pruna

488 2718 546 2762 et
584 2718 815 2774 cottona,
846 2710 1098 2763 advectus
1136 2712 1355 2761 Romam
1380 2712 1456 2773 iii,
1493 2716 1557 2761 83

488 2777 637 2825 venti
665 2775 789 2839 quid
831 2783 993 2839 agant
1014 2776 1049 2837 i,
1082 2780 1115 2823 9
1180 2783 1453 2825 ventorum
1477 2791 1559 2825 ra-

491 2837 580 2891 bie
620 2840 730 2902 xiii,
772 2842 867 2887 225
951 2838 1121 2888 ventis
1158 2840 1379 2889 animam
1420 2855 1560 2889 com·

476 2903 650 2965 ‚mitte
689 2903 779 2967 xii,
812 2907 876 2952 57
907 2956 918 2971 ,
944 2919 1070 2953 cum
1102 2906 1274 2955 ventis
1316 2903 1562 2955 decidere

483 2967 637 3033 jactu
656 2967 749 3029 xii,
773 2962 846 3017 Μ’

564 3031 739 3081 Venus
782 3032 925 3082 ebria
985 3033 1106 3098 quid
1153 3039 1306 3083 curat
1346 3034 1418 3096 vi,
1465 3038 1563 3085 600

498 3096 625 3146 laeta
666 3112 767 3173 quo
812 3098 1045 3147 astro'se
1086 3097 1323 3162 proferat
1356 3100 1424 3161 vi,
1462 3104 1563 3148 570

495 3159 717 3210 Veneris
739 3161 943 3212 domum
966 3162 1038 3222 iv,
1058 3167 1124 3213 40
1190 3170 1286 3213 nec
1303 3163 1565 3228 pharetris

473 3284 484 3289 -
497 3238 677 3276 macer
696 3232 794 3287 est,
818 3233 909 3276 aut
931 3227 1172 3291 lampade
1189 3226 1358 3277 fertur
1375 3229 1443 3291 vi,
1466 3232 1563 3277 168

496 3290 688 3340 marito
707 3290 812 3351 viii,
855 3295 918 3340 25
1008 3289 1183 3341 fanum
1210 3309 1262 3356 x,
1294 3293 1565 3349 290,,Ιαυ-

497 3355 707 3420 fluentis
745 3355 1127 3405 irritamentum
1154 3357 1226 3418 xi,
1270 3361 1362 3406 165
1430 3358 1565 3421 epis-

499 3419 612 3470 tola
649 3434 742 3469 nos
803 3421 1133 3470 commendet
1189 3421 1352 3469 Marti
1390 3423 1493 3486 xvi,
1531 3427 1560 3469 5

498 3484 696 3535 Veneri
732 3484 896 3535 Marti
936 3500 1002 3534 ue
1043 3485 1302 3535 timendas
1340 3485 1476 3547 leges
1509 3486 1565 3548 ii,

497 3551 560 3600 81
629 3500 1076 3600 Veneremffibido
1102 3548 1316 3599 affectat
1337 3550 1449 3599 sine
1487 3550 1564 3599 vi-

496 3613 642 3663 ribus
668 3630 721 3678 x,
767 3618 866 3664 209
932 3614 1136 3664 Venere
1176 3622 1230 3664 et
1265 3615 1426 3664 coenis
1459 3621 1565 3667 cet.

497 3681 670 3739 ¹362
737 3679 968 3727 Veneres
994 3694 1119 3744 quas
1161 3679 1351 3729 habeat
1395 3679 1566 3729 aliena

502 3742 728 3805 pecunia
752 3742 860 3805 xiii,
876 3747 939 3791 84

560 3806 870 3856 Venusinam
895 3808 1049 3872 malo,
1065 3823 1214 3871 quam
1236 3817 1304 3872 te,
1324 3809 1568 3860 Cornelia

469 3875 476 3879 “
497 3875 667 3920 mater
685 3870 1037 3922 Gracchorum
1051 3875 1122 3936 vi,
1143 3878 1234 3924 167
1301 3875 1567 3923 Venusina

495 3935 710 4046 l'ucaezrna
745 3935 905 3999 digna
926 3937 1038 3988 haec
1076 3952 1174 4003 ego
1210 3951 1310 3987 non
1354 3939 1565 3988 credam

502 3998 592 4062 13⁶

559 4062 671 4111 Ver
690 4062 733 4111 si
773 4069 896 4112 tunc
930 4066 1048 4127 erit,
1091 4065 1342 4116 radentur
1383 4066 1567 4115 tubera

493 4143 527 4177 v
570 4131 668 4179 116
735 4136 1044 4192 perpetuum
1068 4129 1122 4178 in
1163 4146 1289 4183 urna
1327 4128 1456 4180 dent
1492 4131 1566 4180 Di

496 4163 586 4254 vii,
607 4196 707 4243 208
773 4193 1035 4245 madidum
1061 4193 1135 4261 i‘x,
1160 4202 1218 4247 51
1272 4195 1565 4247 nimbosum

396 4313 406 4323 ,
496 4258 568 4322 iv,
589 4258 655 4310 88

1351 375 1425 423 ΙΝ
1441 374 1596 422 Dssx
1649 372 1916 423 RERUM

1694 516 1974 580 Verberat,
1998 519 2155 581 atque
2178 511 2353 565 obiter
2374 512 2561 566 faciem
2576 514 2695 566 linit

1630 581 1700 643 vi,
1715 586 1810 630 481

1694 645 1929 695 Verbere
1974 644 2131 694 surdo
2172 643 2330 694 eoedit
2387 657 2533 695 mens
2597 643 2695 694 diri

1631 710 1839 759 conscia
1861 709 1991 759 facti
2029 708 2138 772 xiii,
2173 712 2266 759 194
2335 708 2479 757 tenui
2513 705 2695 759 Circes

1633 788 1933 839 percussum
1958 777 2046 835 xv,
2069 777 2131 822 21
2200 773 2421 823 verbera
2437 772 2551 822 ilios
2581 771 2695 836 jus-

1632 839 1699 887 tis
1720 836 1952 888 afficiunt
1974 838 2137 902 poenis
2163 837 2268 899 viii,
2303 842 2399 886 267
2467 837 2699 887 verberi·

1630 902 1728 952 bus
1764 903 1994 952 cruentis
2019 909 2165 951 secat
2187 917 2239 964 x,
2261 907 2358 951 817

1694 966 1930 1017 verbosa
1950 974 2007 1017 et
2041 968 2250 1031 grandis
2290 966 2512 1031 epistola
2551 965 2696 1018 venit

1629 1047 1685 1093 x,
1708 1036 1767 1081 71
2610 1061 2617 1066 ·

1695 1095 1926 1146 Verbum
1951 1097 2039 1160 qui
2075 1096 2268 1146 dixerit
2292 1095 2328 1158 i,
2359 1099 2453 1145 161
2531 1110 2623 1145 ver

1629 1159 1795 1211 libera
1816 1162 1972 1210 animi
1995 1159 2229 1224 proferre
2253 1161 2324 1222 iv,
2362 1164 2425 1208 91
2493 1160 2695 1211 dictata

1628 1226 1699 1288 vi,
1744 1230 1840 1275 ³91
1922 1225 2101 1276 amicas
2157 1239 2260 1276 nec
2299 1224 2530 1274 curanda
2570 1225 2695 1274 viris

1630 1291 1858 1353 castigat
1892 1291 1962 1352 vi,
1998 1295 2098 1340 456
2165 1290 2307 1353 regia
2344 1289 2544 1338 lauistoe
2565 1289 2643 1351 xi,
2663 1293 2697 1339 8

1629 1355 1901 1404 verborum
1931 1361 2079 1404 tanta
2100 1354 2175 1403 vis
2197 1354 2340 1404 cadit
2364 1353 2431 1414 vi,
2452 1358 2549 1403 440
2614 1368 2695 1403 re·

1630 1420 1750 1483 gula
1774 1420 1858 1482 vii,
1901 1423 1999 1467 260
2080 1418 2253 1468 verbis
2312 1416 2559 1468 Herculis
2598 1418 2693 1533 361

1631 1485 1758 1533 talia
1801 1483 2056 1534 invadunt
2079 1484 2132 1544 ii,
2182 1488 2242 1533 19
2318 1481 2486 1533 nullus
2562 1498 2595 1532 u
2634 1497 2696 1534 or

1629 1548 1684 1610 ii,
1708 1552 1802 1597 110
1868 1562 1985 1597 cum
2011 1547 2184 1598 verbis
2220 1546 2401 1597 audiat
2439 1554 2493 1596 te
2548 1563 2697 1597 arum

1630 1627 1719 1662 cre
1758 1613 1862 1662 itus
1887 1612 1959 1672 xi,
1998 1617 2093 1662 170
2159 1611 2345 1677 quibus
2380 1613 2694 1663 concumbat

1630 1691 1725 1725 ver
1766 1677 1809 1727 is
1830 1677 1899 1740 vi,
1920 1681 2019 1727 406

1695 1741 1929 1791 Verebor
1971 1756 2067 1805 ego
2114 1747 2186 1803 te,
2206 1741 2386 1804 Sexte,
2422 1747 2694 1791 ceventem

1632 1801 1689 1868 ii,
1705 1807 1766 1855 21
1836 1807 2117 1856 verendum
2141 1805 2393 1855 artificem
2412 1806 2514 1868 xiv,
2533 1810 2626 1855 115

1696 1869 1975 1934 Verginius
1998 1871 2121 1935 qnid
2136 1870 2291 1920 armis
2314 1869 2499 1920 debuit
2514 1869 2695 1920 ulcisci

1631 1949 1713 1986 ma
1753 1935 1795 1983 is
1820 1935 1928 1995 viii,
1944 1938 2041 1985 221

1745 2014 1871 2049 erne
1893 1999 2093 2064 Canopi
2123 1999 2391 2062 Crispinus
2413 2000 2449 2063 i,
2469 2003 2534 2050 26
2576 2012 2695 2048 ver·

1632 2078 1750 2113 nam
1773 2064 2000 2129 equitem
2024 2063 2214 2127 agebas
2232 2064 2315 2127 ixr
2328 2069 2391 2114 10

1698 2127 1928 2178 Vernilis
1946 2143 2105 2205 eques
2127 2128 2200 2193 ix,
2222 2133 2285 2178 10

1696 2193 1930 2243 Ver-nula
1969 2208 2195 2258 riparum
2241 2208 2290 2256 v,
2337 2197 2428 2242 105
2518 2206 2692 2256 eapsae

1632 2265 1806 2308 custos
1830 2274 1883 2320 x,
1908 2262 2001 2307 117
2069 2272 2198 2307 unus
2235 2258 2312 2323 (in
2334 2255 2477 2321 casa)
2505 2264 2561 2307 et
2585 2268 2695 2308 tres

1631 2322 1829 2372 domini
1854 2323 1962 2383 xiv,
1981 2326 2078 2373 169

1697 2389 1902 2437 Vernus
1925 2387 2138 2451 Jupiter
2167 2402 2218 2446 v,
2242 2391 2307 2436 78
2373 2387 2449 2437 soi
2469 2386 2539 2452 xi,
2570 2388 2671 2437 2⁰⁸

1695 2452 1834 2502 Vero
1854 2452 1967 2515 xiii,
1987 2456 2051 2503 84

1694 2517 1898 2581 Verpos
1926 2518 2063 2567 solos
2107 2515 2367 2567 deducere
2400 2517 2466 2567 ad
2494 2515 2695 2568 fontem

1630 2581 1720 2631 xiv
1761 2586 1859 2633 104

1696 2617 1863 2696 Verre
1881 2646 2236 2712 pavimentum
2252 2646 2359 2710 xiv,
2381 2651 2446 2696 60

1695 2711 1889 2760 Verres
1922 2711 2210 2776 sacrilegus
2244 2711 2349 2773 viii,
2382 2715 2479 2760 106
2542 2709 2699 2760 Verri

1631 2774 1675 2823 si
1696 2774 1783 2825 sur
1798 2776 2098 2839 displiceat,
2136 2775 2395 2826 homicida
2432 2774 2619 2825 Miloni
2642 2774 2699 2837 ii,

1633 2843 1699 2889 26
1765 2854 1917 2890 carus
1938 2840 2060 2902 erit,
2082 2841 2171 2905 qui
2203 2842 2417 2890 Verrem
2441 2847 2700 2904 tempore,

1638 2918 1740 2969 quo
1765 2906 1896 2968 vult,
1915 2918 2163 2956 accusare
2189 2911 2364 2968 potest
2384 2905 2458 2969 iii,
2479 2910 2542 2954 53

1701 2970 1927 3020 Versare
1964 2969 2151 3019 molam
2199 2968 2421 3034 Nepotis
2476 2967 2590 3045 viii,
2630 2970 2702 3018 6?

1632 3039 1852 3098 stamen,
1888 3032 2077 3097 fusum,
2125 3034 2270 3084 filum
2289 3035 2362 3098 iii,
2404 3039 2467 3083 27
2550 3034 2701 3083 littus

1637 3107 1806 3148 aratro
1850 3099 2017 3148 sterili
2059 3098 2149 3163 vii,
2184 3104 2247 3148 49
2335 3105 2571 3149 versetur
2611 3098 2700 3147 iila

1634 3163 1893 3213 sententia
1923 3177 2131 3228 semper
2151 3163 2203 3212 iu
2240 3178 2330 3213 ore
2355 3170 2445 3213 tuo
2469 3170 2572 3212 cet.
2595 3162 2702 3226 xiv,

1635 3230 1734 3275 206
1801 3235 2005 3277 versata
2029 3236 2144 3279 toro
2165 3228 2394 3278 membra
2414 3226 2523 3290 xiii,
2543 3231 2651 3278 218Ἰ

1700 3292 1922 3343 Versum
1948 3291 2079 3342 facit
2101 3292 2404 3357 indignatio,
2425 3293 2469 3341 si
2507 3298 2697 3342 natura

1637 3363 1816 3420 negat,
1828 3357 2269 3434 ‘qualemcumque
2303 3364 2498 3420 potest,
2522 3357 2702 3422 quales

1636 3434 1755 3483 ego,
1778 3422 1860 3471 vel
1884 3422 2162 3471 Cluvienus
2183 3437 2219 3482 1,
2259 3425 2326 3471 79
2391 3437 2543 3470 versu
2578 3420 2701 3470 sub-

1634 3486 1782 3536 sellia
1825 3485 1986 3550 fregit
2011 3486 2211 3536 Statius
2250 3486 2339 3548 vii,
2372 3490 2437 3534 86
2519 3500 2698 3535 versus

1637 3549 1749 3613 ipse
1771 3548 1900 3601 facit
1925 3551 2013 3612 vii,
2032 3555 2096 3600 68
2162 3551 2365 3616 ignotos
2389 3551 2509 3600 mihi
2551 3558 2707 3600 tenet

1637 3614 1930 3679 antiquaria
1968 3617 2036 3677 vi,
2070 3621 2168 3665 454
2253 3616 2381 3664 tales
2422 3630 2525 3680 qua
2571 3629 2702 3676 voce

1638 3679 1895 3743 legantur,
1940 3680 2064 3744 quid
2109 3679 2274 3730 refert
2296 3680 2368 3742 xi,
2409 3685 2503 3729 180
2583 3694 2699 3728 ver-

1640 3744 1779 3793 sibus
1825 3745 2003 3795 iisdem
2024 3744 2206 3794 eadem
2230 3743 2468 3794 cantabit
2491 3743 2580 3805 vii,
2604 3748 2698 3793 16⁸

1637 3809 1833 3858 Versus
1857 3809 2313 3872 procleusmaticus
2332 3809 2406 3870 iii,
2425 3813 2521 3857 263
2557 3822 2699 3872 saepe

1640 3873 1839 3923 excidit
1878 3874 1943 3922 ob
2000 3874 2136 3922 idem
2182 3874 2490 3938 principium
2534 3872 2591 3933 ii,
2622 3876 2699 3922 ’24

1638 3938 1926 3987 hexametri
1957 3938 2167 4002 optimis
2202 3938 2392 4002 passim
2433 3936 2705 4001 scriptori·

1638 4002 1734 4052 bus
1761 4002 2009 4067 prosaicis
2030 4002 2343 4052 exciderunt
2366 4018 2419 4065 v,
2440 4005 2505 4050 90

1703 4067 1921 4117 Vertere
1964 4068 2124 4116 solum
2145 4067 2218 4128 xi,
2262 4071 2328 4116 49
2409 4066 2614 4130 nigrum
2649 4065 2701 4114 in

1638 4132 1860 4183 candida
1882 4131 1957 4194 iii,
2001 4135 2066 4180 80
2134 4132 2355 4180 verterit
2377 4145 2497 4185 cum
2520 4144 2576 4179 se
2614 4143 2703 4179 an·

1636 4210 1732 4246 nus
1757 4196 1847 4259 vii,
1865 4200 1965 4247 242
2030 4195 2253 4245 vertitur
2267 4210 2495 4245 summus
2515 4194 2608 4245 aer
2630 4193 2699 4256 ui,

1637 4266 1704 4313 99
1770 4275 1919 4313 verso
1963 4261 2151 4325 pollice
2193 4276 2345 4327 quem
2385 4259 2522 4312 libet
2565 4258 2705 4311 occi·
