3050 4913
1196 407 1476 457 SATIRA
1524 404 1638 456 111.

316 557 502 637 Quid
531 575 786 634 sumuS,
817 560 886 620 et
913 554 1224 641 quidnam
1253 552 1493 620 victuri
1517 555 1888 636 gignimur?
1935 553 2097 619 ordo

317 659 495 739 Quis
523 660 738 739 datuS,
767 666 885 723 aut
908 663 1103 722 metae
1131 677 1330 741 quam
1354 658 1575 722 mollis
1599 658 1837 735 flexus»,
1866 662 1934 722 et
1960 657 2132 721 unde
2156 657 2186 719 ‘l

313 865 362 909 et
385 860 645 922 intelligite
662 875 821 910 rerum
840 861 1067 922 origines,

1088 860 1309 925 quidnam
1330 874 1504 921 mus,
1525 865 1573 909 et
1593 861 1654 909 ad
1667 875 1802 923 quam
1815 859 1962 909 citam
1978 860 2240 909 nascimur.-
2272 874 2376 921 quoe
2396 857 2524 908 ratio

316 925 527 975 vivendi
556 926 832 989 prescripta
845 942 863 984 ,·
911 928 986 975 vel
1017 941 1154 988 quam
1185 924 1346 988 facilis
1367 924 1567 988 deflexio
1588 925 1800 989 termini,
1819 929 1865 974 et
1887 940 2019 989 aqaoe
2037 942 2054 976 .·
2098 924 2202 988 quis
2225 923 2350 989 finis
2383 938 2522 987 ρει-ιι·

1247 1085 1604 1106 OOOOOOOOO

314 1199 503 1264 Steph.
559 1200 728 1249 discite
747 1217 774 1249 ο
794 1201 898 1249 Ms.
922 1201 1117 1250 R.—o⁷
1150 1205 1234 1249 aut
1256 1201 1479 1263 quidnam
1503 1198 1642 1248 Edit.
1662 1196 1972 1260 &epu—68
2005 1200 2143 1245 Μαι
2164 1211 2256 1258 qua
2276 1198 2393 1255 levis
2417 1199 2521 1251 Ms.

317 1264 391 1314 R.
456 1280 547 1327 qua
564 1266 720 1314 mollis
741 1266 842 1314 Ms.
870 1266 988 1316 Gal.
1051 1266 1186 1314 Sunt
1212 1266 1381 1313 Persii
1403 1264 1642 1323 Codices,
1674 1263 1724 1311 in
1749 1262 1933 1326 quibus
1956 1276 2044 1322 qua
2066 1261 2218 1310 mollis
2244 1263 2526 1326 scribitnr3

320 1343 425 1377 nou
442 1345 605 1391 quam:
655 1330 767 1379 baec
790 1331 945 1379 lectio
980 1330 1023 1378 si
1064 1344 1186 1378 vera
1208 1337 1361 1392 esset,
1385 1328 1549 1392 flexus
1570 1332 1704 1376 metae
1727 1328 1926 1375 valeret
1948 1325 2101 1387 idem,
2123 1340 2184 1373 ac
2207 1324 2325 1375 finis
2356 1327 2526 1377 ultimi

318 1393 534 1456 adeptio
556 1410 568 1440 ε
616 1401 672 1443 et
703 1410 792 1457 qua
826 1402 966 1444 esset
987 1409 1087 1458 qua
1110 1396 1212 1454 via,
1239 1409 1340 1457 quo
1372 1408 1560 1455 genere
1583 1392 1702 1440 vitae
1725 1391 1790 1439 ad
1812 1391 1954 1439 illum
1980 1389 2132 1438 finem
2155 1392 2322 1452 possit
2344 1405 2525 1455 perve-

319 1456 456 1517 niri:
506 1458 670 1521 probo
704 1474 826 1508 vero
854 1460 1047 1508 editam
1069 1459 1361 1522 lectionem,
1381 1473 1536 1523 quam
1559 1463 1613 1506 et
1647 1457 1700 1506 in
1737 1455 2042 1505 membranis
2064 1454 2366 1505 invenimus.
2435 1458 2528 1506 Ca-

1321 1636 1538 1689 No‘rAE

324 1763 570 1829 Georgic.
610 1778 672 1816 n.
704 1766 720 1794 ‘
741 1766 886 1815 Felix
911 1767 999 1832 qni
1025 1768 1195 1831 potuit
1218 1781 1388 1817 rerum

1470 1767 1625 1815 vitam
1648 1765 1779 1815 hanc
1802 1763 2053 1814 moderari
2078 1763 2212 1814 citra
2229 1764 2533 1830 cujusquam

325 1856 644 1904 cognoscere
684 1857 867 1893 causas
888 1843 922 1892 :'
974 1844 1178 1893 scilicet
1210 1859 1391 1893 causas
1469 1839 1822 1892 offensionem.

325 1916 564 1980 physicas
604 1916 829 1982 quidem,
870 1917 963 1968 sed
1000 1918 1232 1983 inprimis
1265 1918 1391 1968 fina-

324 1992 451 2054 lem,
482 1993 580 2042 hoc
616 2000 714 2057 est,
752 1994 1132 2059 Philosophiam
1173 1996 1399 2045 Natura·

323 2068 431 2117 lem
463 2074 521 2117 et
552 2069 826 2119 Moralem.

394 2148 461 2192 67
496 2144 824 2210 Quidum]
870 2147 1103 2198 Primum
1136 2155 1192 2199 et
1217 2148 1397 2213 pra-ci·

328 2234 490 2284 puum
530 2221 728 2272 Ethicae
767 2231 1085 2289 preceptum
1124 2232 1225 2286 est,
1255 2226 1398 2287 γνῦθι

328 2296 545 2347 σεαυτόν.
609 2298 799 2348 Juven.
830 2300 941 2350 Sat.
980 2305 1152 2353 ιι.27.
1218 2302 1395 2352 Consi-

330 2375 461 2423 dera
493 2374 650 2439 igitur
689 2390 806 2441 quae
844 2378 915 2427 sit
953 2378 1169 2428 hominis
1191 2384 1394 2440 natura,

331 2465 486 2515 quam
530 2448 729 2514 fragilis
773 2460 829 2503 et
870 2452 1068 2505 caduca
1114 2453 1397 2506 secundnm

333 2542 557 2592 (οι-ραις
606 2537 663 2579 at
701 2544 851 2594 quam
889 2532 1094 2596 nobilis,
1113 2533 1157 2582 si
1179 2534 1401 2584 animum

333 2611 563 2666 spectes.
627 2606 800 2655 Homo
823 2607 1013 2658 diviuae
1049 2617 1250 2660 naturae
1286 2625 1405 2674 par·

335 2679 516 2743 ticula,
552 2695 618 2729 ex
657 2682 920 2745 Epicteto,
959 2686 1133 2734 Deum
1172 2685 1311 2735 intra
1347 2701 1404 2737 se

337 2755 654 2820 circumfert,
696 2759 792 2809 stc.
876 2760 999 2811 Non
1044 2761 1204 2812 debet
1247 2762 1405 2825 igitur

337 2834 416 2883 sui
435 2833 628 2884 oblitus
650 2843 741 2885 aut
761 2837 1056 2901 arrogantia
1078 2838 1280 2897 extolli,
1313 2849 1405 2888 aut

334 2910 390 2959 iu
413 2910 646 2961 sordidas
667 2913 982 2977 cupiditates
1005 2913 1250 2965 defluere.

404 2987 645 3044 Quidnam
676 2989 850 3038 victuri
878 2991 1148 3057 gignimur]
1201 2991 1267 3040 Id
1308 2998 1409 3056 est,

337 3062 405 3115 ad
429 3062 554 3128 quid
578 3064 854 3127 nascimur,
888 3066 952 3115 ad
977 3066 1099 3131 quid
1122 3068 1296 3117 vivere
1320 3068 1409 3117 de-

336 3141 550 3191 bemus?
601 3141 866 3205 Numquid
887 3140 952 3191 ad
973 3143 1287 3208 voluptates,
1319 3146 1409 3193 ho·

337 3231 508 3280 nores,
548 3215 773 3281 divitias,
810 3218 995 3285 quibus
1044 3222 1282 3271 meliores
1326 3237 1410 3271 su-

336 3296 488 3344 mus?
520 3294 699 3359 immo,
712 3295 878 3360 inquit
900 3297 1233 3361 Aristoteles,
1252 3300 1318 3348 ad
1338 3300 1413 3348 in-

337 3369 699 3434 telligendum,
718 3377 775 3421 et
797 3372 1075 3436 agendum.

409 3447 542 3496 Ordo
561 3447 667 3509 quis
686 3446 849 3510 datus]
887 3449 1019 3500 Quae
1042 3450 1127 3500 lex
1153 3449 1413 3515 imposita,

341 3522 486 3588 quod
525 3521 729 3571 satum?
777 3524 873 3573 Est
910 3523 1048 3580 enim
1089 3526 1318 3575 tenenda
1340 3526 1411 3574 vi-

338 3598 501 3650 vendi
525 3598 658 3648 ratio
695 3600 898 3650 coelitus
938 3601 1280 3666 praescripta;
1327 3615 1414 3651 ne·

338 3690 428 3726 mo
463 3674 750 3737 laedendus,
787 3676 877 3739 jus
917 3689 1064 3726 suum
1102 3676 1289 3741 cuique
1327 3677 1417 3725 tri-

340 3750 629 3814 buendum,
665 3754 765 3801 διο.
832 3752 971 3801 Item
997 3752 1153 3802 animi
1174 3751 1306 3802 bona
1330 3752 1417 3803 bo·

342 3828 423 3876 nis
446 3827 562 3877 aliis
593 3827 826 3891 corporis
855 3842 915 3878 ac
940 3826 1187 3891 fortunae,
1220 3828 1336 3879 utili
1360 3834 1418 3879 et

331 3902 571 3969 jucundo
603 3904 879 3954 honestum
916 3903 1164 3968 anteponi
1199 3904 1415 3964 debent.

410 3987 478 4034 68
508 3983 614 4033 Aut
635 3987 772 4033 meta
792 3998 931 4046 quam
951 3981 1295 4047 molls‘sflexas]
1343 3983 1419 4033 Si.

344 4058 584 4109 militudo
609 4073 639 4108 a
661 4057 894 4108 Circensi
918 4072 1093 4120 cursu,
1109 4058 1162 4106 in
1186 4072 1289 4122 quo
1314 4057 1419 4108 evi-

345 4137 506 4187 tanda
540 4144 699 4200 meta,
724 4149 932 4186 currum
972 4136 1116 4187 circa
1147 4151 1263 4186 eam
1296 4136 1420 4188 flec-

345 4213 507 4265 tendo
542 4228 730 4278 magua
770 4220 883 4263 arte
921 4219 979 4263 et
1014 4211 1155 4263 molli
1192 4212 1419 4263 dexteri·

346 4298 491 4344 tate:
528 4288 705 4355 aitque
725 4288 938 4340 Persius
957 4295 1062 4341 tam
1079 4286 1290 4339 difficile
1308 4303 1419 4343 esse

1542 1918 1606 1965 Et
1630 1915 1774 1979 unde]
1821 1916 2134 1979 Plerumque
2153 1916 2346 1982 legitur
2365 1919 2504 1967 undoe
2518 1933 2539 1976 ,-

1475 2009 1505 2043 a
1534 2008 1636 2058 quo
1668 1993 1871 2042 videtur
1892 1992 2114 2056 intelligi
2134 1994 2231 2042 alia
2255 1993 2538 2044 similitudo

1475 2086 1506 2120 a
1537 2069 1873 2133 Naumachia,
1898 2070 1949 2117 in
1974 2083 2077 2134 qua
2099 2069 2163 2118 ad
2186 2076 2372 2119 metam
2398 2071 2541 2120 navis

1476 2147 1722 2196 celeriter
1761 2152 1819 2196 et
1856 2146 1987 2194 scite
2026 2147 2375 2196 convertenda
2409 2154 2541 2198 erat.

1475 2222 1663 2286 virgil.
1696 2222 1898 2272 AEneid.
1938 2235 1992 2270 v.
2028 2223 2044 2250 ‘
2074 2222 2177 2272 Hic
2211 2223 2427 2273 viridem
2456 2222 2545 2273 Ε·

1480 2314 1606 2349 neas
1627 2298 1887 2349 frondenti
1923 2314 1989 2348 ex
2026 2299 2146 2349 ilice
2184 2306 2375 2350 metam
2408 2300 2545 2353 Con,-

1479 2377 1652 2426 stituit
1693 2377 1893 2439 siguum
1943 2377 2133 2441 nautis,
2167 2388 2350 2441 pater:
2404 2377 2543 2428 unde

1482 2454 1677 2504 reverti
1700 2454 1920 2515 Scirent,
1941 2460 1998 2503 et
2018 2453 2198 2517 longos
2221 2453 2309 2503 ubi
2332 2454 2548 2505 circum·

1481 2530 1700 2582 flectere
1716 2529 1930 2580 cursus!
1997 2529 2099 2579 Ast
2121 2531 2208 2579 alii
2237 2546 2356 2580 cum
2375 2531 2547 2581 veteri

1484 2610 1782 2672 Interprcte
1832 2607 2028 2670 legunt,
2069 2609 2192 2655 unde
2221 2623 2238 2656 .·
2294 2613 2349 2656 et
2391 2607 2548 2658 aliter

1482 2685 1687 2734 omnino
1709 2685 1878 2733 locum
1903 2683 2184 2747 explicant.
2240 2683 2418 2732 Primo
2438 2683 2551 2748 qui-

1485 2760 1604 2809 dem
1641 2774 1735 2823 per
1775 2759 1982 2808 mollem
2019 2756 2211 2808 flexum
2253 2757 2551 2822 intelligunt

1485 2837 1608 2885 vitae
1630 2835 1960 2898 brevitatem,
1980 2842 2157 2899 atque,
2183 2841 2242 2884 ut
2260 2835 2334 2883 ait
2349 2834 2552 2885 Seneca

1486 2911 1656 2975 Epist.
1713 2915 1795 2960 99.
1861 2911 2185 2960 celeritatem
2240 2909 2553 2974 rapidissimi

1487 2987 1750 3051 temporis,
1785 2993 1839 3035 et
1877 2985 2187 3036 brevitatem
2223 2986 2376 3049 hujus
2401 2985 2555 3050 spatii

1487 3078 1583 3128 per
1607 3062 1741 3128 quod
1766 3061 2056 3112 citatissimi
2077 3060 2413 3111 decurrimus.
2448 3060 2556 3111 Per

1487 3149 1681 3192 metam
1748 3155 1890 3198 vero,
1945 3139 2244 3203 intelligunt
2285 3127 2555 3190 ‘mortem

1492 3219 1702 3269 Deinde
1736 3218 1875 3285 quod
1911 3218 2000 3283 ait,
2033 3219 2174 3281 unde,
2207 3217 2558 3282 interpretan-

1494 3303 1580 3346 tur
1603 3309 1784 3346 causas
1799 3296 1998 3358 mortis,
2015 3309 2129 3360 quae
2149 3309 2289 3358 sa’pe
2313 3293 2557 3345 facillime

1494 3372 1767 3436 contingit.
1832 3371 1936 3421 Alii
1956 3387 2132 3422 rursus
2149 3373 2304 3422 aliter
2328 3372 2561 3423 sentiunt

1495 3449 1562 3498 de
1604 3450 1702 3499 hoc
1744 3449 1878 3512 loco,
1921 3464 2072 3513 quem
2120 3449 2244 3498 satis
2288 3449 2558 3498 obscurum

1492 3526 1604 3590 ipse
1623 3525 1956 3575 Casaubouus
1975 3524 2190 3575 fatetur.
2241 3524 2564 3590 Cavendum,

1492 3603 1753 3668 inquiunt,
1791 3604 1932 3663 uude,
1970 3601 2023 3651 id
2070 3608 2165 3665 est,
2207 3616 2309 3665 quo
2353 3601 2472 3650 loco
2507 3608 2562 3652 et

1496 3686 1731 3744 tempore
1754 3692 1935 3728 cursus
1971 3678 2035 3727 ad
2076 3677 2380 3742 sapientiam
2419 3676 2566 3728 insti·

1496 3763 1672 3806 tuatur
1694 3755 2100 3819 incipiaturque,
2133 3758 2192 3802 ut
2220 3759 2275 3803 et
2295 3752 2564 3804 commode

1499 3832 1669 3882 teneri
1692 3832 1873 3897 possit,
1909 3845 2008 3880 nec
2035 3830 2102 3879 ad
2136 3836 2348 3893 metam,
2378 3829 2434 3879 id
2466 3837 2569 3893 est,

1497 3908 1563 3957 ad
1600 3905 1755 3956 finem
1795 3906 2127 3971 impingatur.
2211 3905 2354 3957 Nihil
2393 3920 2569 3958 moror

1499 3999 1591 4034 cos
1631 3984 1717 4050 qui
1750 3990 1937 4048 putant
1958 3982 2120 4034 alludi
2157 3981 2224 4034 ad
2258 3990 2459 4033 certum
2480 3999 2572 4048 ge-

1499 4074 1597 4110 nus
1635 4059 1930 4111 certaminis
1954 4060 2279 4121 Graecorum,
2311 4059 2365 4108 in
2404 4074 2507 4124 quo
2539 4074 2570 4109 a

1500 4136 1790 4187 carceribus
1815 4135 1883 4185 ad
1904 4142 2117 4199 metam,
2139 4142 2195 4185 et
2231 4135 2295 4185 ab
2326 4135 2422 4185 hac
2457 4149 2569 4185 rur·

1503 4228 1591 4262 sus
1625 4212 1690 4262 ad
1733 4225 1971 4263 carceres
1993 4213 2168 4264 subito
2203 4210 2573 4262 recurrendum

1501 4296 1633 4342 erat.
