3050 4913
505 356 634 439 108
1270 376 1630 425 ⁴mrsnsu
1683 375 1947 424 nascor

1136 906 1842 999 SATIRA
1969 907 2100 995 V.

1212 1160 1311 1212 AD
1347 1160 1788 1212 MAGISTRUM
1819 1161 2024 1212 SUUM

871 1323 1470 1391 ANNAEUM
1572 1322 2348 1395 CORNUTUM

1333 1690 1889 1742 ARGUMENTUM.

578 1830 660 1882 ΓΤ
706 1830 1052 1896 gratissimum
1093 1846 1218 1895 erga
1251 1831 1560 1893 Cornutum,
1604 1838 1988 1894 praeceptorem
2020 1843 2188 1891 suum,
2226 1828 2452 1877 animum
2486 1827 2719 1879 declaret

512 1914 689 1977 poeta,
723 1914 887 1962 utitur
915 1912 1089 1976 lepida
1119 1912 1487 1962 sententiarum
1519 1904 1950 1961 conformatione.
2017 1909 2233 1960 Scilicet
2268 1909 2334 1958 ad
2369 1909 2443 1958 rei
2467 1910 2718 1973 magnitu-

512 1994 703 2056 dinem,
740 2008 854 2057 quae
882 1992 1052 2042 verbis
1075 1992 1266 2056 aequari
1291 2007 1389 2042 non
1414 1992 1593 2055 possit,
1618 1991 2001 2051 declarandam,
2036 1990 2205 2055 poetae
2229 1990 2328 2039 sibi
2347 1997 2530 2054 optare
2550 1990 2722 2040 solent

512 2082 717 2123 centum
741 2088 828 2122 ora
847 2079 902 2121 et
923 2073 1141 2137 linguas,
1166 2073 1446 2122 Homerum
1469 2075 1668 2132 secuti3
1705 2087 1923 2138 quorum
1960 2086 2102 2121 more
2142 2080 2198 2121 et
2230 2071 2469 2121 instituto
2508 2071 2718 2121 Persius

512 2168 716 2218 quoque
734 2155 833 2203 hoc
856 2155 971 2202 loco
996 2153 1177 2214 utitur,
1196 2154 1514 2219 subindeque
1537 2170 1591 2204 se
1613 2169 1643 2203 a
1666 2155 1898 2205 Cornuto
1919 2154 2308 2217 interpellatum
2336 2150 2503 2216 fingit.
2552 2153 2719 2204 Quor·

514 2250 624 2283 snm
648 2234 794 2283 haec?
830 2234 1025 2297 quippe
1047 2248 1216 2298 neque
1235 2250 1445 2285 carmen
1461 2235 1669 2300 aliquod
1686 2236 1904 2285 sublime
1924 2233 2132 2297 condas,
2151 2249 2320 2299 neque
2339 2234 2392 2283 iu
2415 2241 2720 2297 argumento

513 2317 688 2380 aliquo
725 2315 926 2379 tragico
966 2314 1207 2373 verseris,
1240 2331 1407 2381 neque
1432 2318 1635 2366 omnino
1677 2330 1890 2380 pravum
1913 2316 2060 2379 liujus
2079 2316 2258 2365 saeculi
2280 2329 2492 2375 morem,
2523 2329 2624 2378 quo
2648 2321 2723 2362 te·

514 2410 639 2444 unes
657 2401 713 2444 et
734 2394 934 2458 jejuna
969 2409 1050 2443 res
1072 2394 1273 2460 ingenti
1294 2397 1515 2460 strepitu
1542 2397 1812 2446 verborum
1838 2412 1901 2446 ae
1922 2397 2165 2456 tumultu,
2199 2402 2259 2445 ut
2292 2394 2622 2458 gravissimae,
2644 2391 2719 2442 ef-

511 2475 769 2541 feruntur,
807 2476 858 2523 in
898 2476 1119 2526 animum
1148 2477 1409 2527 induxeris
1436 2479 1610 2542 sequi3
1660 2478 1755 2528 sed
1780 2479 1902 2527 vita·
1925 2479 2158 2526 hnmanae
2179 2476 2620 2537 cousuetudinem,
2643 2475 2720 2522 in·

513 2557 622 2606 dies
643 2557 801 2619 magis
825 2557 1089 2621 magisque
1110 2557 1158 2604 in
1183 2556 1412 2606 deterius
1435 2558 1782 2618 delabentem,
1803 2558 2052 2607 acerrimo
2071 2557 2177 2606 sale
2200 2554 2461 2606 defricare
2487 2555 2582 2604 tibi
2603 2570 2716 2618 pro·

513 2638 738 2700 positum
777 2638 878 2697 sit3
933 2637 1054 2700 quin
1090 2638 1190 2686 hue
1229 2637 1385 2701 igitur
1408 2639 1568 2689 verba
1591 2647 1646 2689 et
1685 2640 1972 2689 sententias
1994 2638 2203 2701 dirigis?
2270 2642 2351 2686 18.
2420 2636 2716 2694 Enimvero,

512 2718 725 2767 Persius
759 2717 985 2781 subjicit,
1016 2718 1153 2767 Huic
1178 2732 1346 2767 rernm
1374 2720 1592 2769 vanitati
1617 2720 1853 2785 equidem
1881 2719 2049 2768 nullus
2071 2719 2291 2779 studeo'3
2342 2717 2495 2766 animi
2518 2717 2617 2765 mei
2642 2731 2718 2765 re·

513 2812 687 2846 cessus
713 2796 803 2846 tibi
826 2806 884 2844 ut
908 2797 1182 2859 aperirem,
1203 2798 1653 2865 ostenderemque,
1686 2806 1877 2863 quanto
1901 2814 2074 2848 amore
2097 2803 2151 2848 te
2176 2799 2574 2861 complecterer,
2595 2803 2719 2847 vota

512 2878 802 2942 poetarum,
843 2877 919 2925 vel
944 2876 995 2924 in
1018 2877 1229 2926 minutis
1253 2879 1405 2927 rebus
1432 2894 1462 2928 a
1499 2879 1754 2929 nonnullis
1780 2880 1957 2943 inepte
1978 2879 2229 2938 adhibita,
2261 2880 2311 2928 in
2337 2880 2558 2928 maxima
2580 2894 2635 2928 re
2661 2890 2716 2929 et

513 2973 625 3007 meo
644 2973 796 3007 sensu
821 2957 1135 3018 gravissima,
1172 2972 1285 3006 mea
1309 2958 1425 3008 feci.
1479 2963 1562 3008 29.
1632 2961 1921 3010 Recensum
1938 2961 2049 3024 jam
2073 2960 2296 3010 instituit
2318 2963 2541 3009 omnium
2566 2960 2715 3009 bene·

510 3038 762 3098 liciorum,
801 3038 981 3101 quibus
1020 3051 1050 3086 a
1075 3039 1305 3088 Cornuto
1330 3054 1459 3102 puer
1483 3038 1700 3090 affectus
1737 3041 1825 3100 sit,
1863 3040 2218 3104 declaratque,
2244 3050 2488 3105 quantum
2511 3041 2620 3104 ejus
2645 3040 2716 3090 in·

510 3119 772 3169 stitutioui
811 3125 866 3167 et
903 3118 1184 3181 praeceptis
1218 3118 1422 3170 debeat.
1472 3124 1553 3170 40.
1622 3120 2006 3169 Familiaritatis
2030 3120 2218 3169 deinde
2243 3121 2555 3170 mentionem
2580 3119 2719 3180 facit,

511 3215 624 3265 quae
647 3198 744 3248 sibl
766 3213 881 3247 cum
904 3198 989 3246 illo
1013 3212 1219 3260 semper
1242 3199 1613 3258 intercesserit,
1639 3201 1832 3249 intimae
1853 3204 1936 3259 41,
1960 3189 2345 3265 studiorumque
2369 3201 2714 3251 communium

513 3294 810 3344 morumque
830 3267 1198 3328 similitudinis.
1251 3285 1332 3329 62.
1402 3281 1544 3330 Hinc
1580 3279 1818 3331 deflectit
1855 3281 1918 3330 ad
1955 3283 2183 3331 Stoicum
2208 3281 2414 3346 aliquod
2440 3281 2628 3344 dogma
2651 3281 2713 3329 de

509 3362 774 3421 libertate,
817 3375 917 3424 quo
955 3359 1159 3421 sapiens
1204 3361 1341 3409 solus
1387 3361 1518 3409 liber
1557 3361 1880 3424 perhibetur,
1922 3361 2222 3410 transitione
2257 3360 2526 3409 admodum
2562 3359 2716 3410 felici.

517 3442 704 3491 Animo
727 3441 861 3490 enim
884 3440 1179 3503 gratissimo
1203 3449 1468 3504 reputans,
1489 3447 1735 3506 quantum
1760 3442 1871 3505 ipse
1890 3442 2180 3492 Stoicorum
2203 3440 2486 3504 disciplinae
2508 3439 2718 3500 debeat,

508 3537 573 3570 ex
595 3522 901 3585 illorumque
924 3522 1122 3571 ratione
1157 3522 1222 3570 ad
1249 3524 1405 3571 vitam
1432 3536 1549 3571 cum
1583 3522 1738 3571 animi
1764 3522 2140 3587 tranquillitate
2164 3527 2219 3570 et
2243 3519 2532 3569 constantia
2554 3527 2716 3569 trans·

511 3602 750 3666 igendam
774 3601 1075 3665 profecerit,
1119 3618 1211 3652 suo
1235 3604 1396 3666 ipsius
1420 3605 1660 3667 exemplo
1696 3611 1872 3653 monet
1901 3604 2142 3665 juvenes,
2172 3609 2231 3650 ut
2261 3601 2440 3649 eadem
2471 3608 2716 3663 opportu-

513 3681 677 3730 nitate
699 3688 924 3742 ntantur,
961 3697 1130 3747 neque
1154 3684 1478 3733 occasionem
1503 3683 1735 3732 discendi
1759 3682 2021 3733 differant.
2055 3687 2138 3731 72.
2206 3681 2290 3731 Ad
2316 3681 2447 3730 lic-ne
2469 3690 2640 3729 autem
2666 3688 2719 3729 et

513 3762 668 3811 beate
691 3762 962 3811 vivendum
996 3763 1237 3811 libertate
1261 3777 1391 3825 opus
1412 3778 1545 3823 esse,
1568 3777 1670 3811 nou
1693 3763 1808 3823 ista,
1829 3778 1945 3827 quae
1968 3763 2018 3811 in
2041 3763 2242 3822 Damae,
2277 3761 2511 3824 agasonis
2546 3761 2717 3824 cujus·

513 3843 650 3902 (lam,
672 3858 888 3906 persona
912 3843 1131 3904 ridetur,
1154 3843 1312 3892 civili.
1349 3847 1430 3892 82.
1499 3846 1676 3892 Docet
1700 3858 1877 3905 porro,
1912 3842 2032 3907 quid
2068 3842 2138 3891 sit
2171 3856 2236 3890 ex
2276 3841 2569 3890 Stoicorum
2609 3856 2719 3890 sen-

516 3923 700 3983 tentia,
724 3923 795 3971 ita
821 3923 1012 3984 vivere,
1039 3930 1095 3984 ut
1112 3925 1259 3984 velis,
1282 3924 1331 3972 id
1356 3932 1458 3986 est,
1478 3938 1614 3974 verae
1639 3925 1899 3974 libertatis
1925 3925 2026 3971 vim
2049 3931 2104 3972 et
2128 3929 2381 3982 naturam,
2400 3937 2515 3985 quae
2540 3936 2570 3970 a
2590 3937 2718 3985 pra*-

513 4014 646 4063 tore,
669 4003 1003 4067 philosophiae
1029 4005 1225 4068 ignaro,
1249 4020 1350 4053 non
1377 4006 1542 4068 possit
1563 4006 1801 4070 cuiquam
1822 4004 2093 4068 impertiri.
2127 4008 2210 4053 95.
2265 4002 2349 4051 Ad
2370 4003 2560 4062 omnia,
2581 4018 2718 4066 qua·-

513 4098 733 4148 eumque
772 4086 919 4146 velis,
957 4084 1198 4134 facienda
1237 4086 1429 4148 requiri
1471 4093 1768 4137 accuratam
1793 4086 2017 4136 omnium
2042 4098 2208 4133 rerum
2235 4083 2583 4144 cognitionem
2609 4087 2716 4144 1⁰⁴,

509 4165 910 4227 libertatemque
933 4165 1041 4214 sine
1065 4165 1360 4228 cognitione
1386 4165 1514 4228 veri,
1539 4181 1811 4231 rerumque
1834 4167 1916 4215 vel
1952 4164 2362 4228 expetendarum
2404 4163 2483 4211 vel
2523 4161 2715 4224 fngien-

512 4243 691 4296 darum
714 4244 930 4309 ratione,
963 4251 1021 4293 et
1049 4245 1218 4293 animo
1238 4245 1305 4294 ab
1326 4248 1559 4297 omnibus
1584 4247 1955 4311 cupiditatibus
1976 4245 2299 4312 motibusque
2325 4242 2711 4293 vehementiori·
