3050 4913
522 358 656 425 200

527 516 631 580 qa]
686 518 788 568 Ubi
814 522 966 570 vers‘u
992 521 1232 582 tremulo,
1256 521 1394 570 molli
1419 528 1475 570 et
1500 523 1599 569 las-

529 593 676 654 civo;
713 598 791 645 vel
813 611 963 646 versu
979 599 1199 647 tremula
1214 612 1339 648 voce
1357 599 1599 657 recitato,

527 668 713 719 intima
738 673 966 722 membra
983 688 1208 723 venereo
1232 674 1457 723 libidinis
1481 687 1598 736 pru-

528 745 633 795 ritu
670 748 948 798 titillantur
981 757 1036 799 et
1073 750 1599 813 κώμῃσι-Βοω-

522 825 727 887 ptum]
787 828 1021 891 Metaplr.
1046 842 1074 876 a
1098 828 1359 877 scabiosis.
1416 827 1480 877 Id
1499 835 1599 882 est,

528 899 619 949 lta
662 909 720 949 ut
758 916 935 952 eorum
975 903 1174 952 viscera
1206 905 1455 967 pruriant,
1492 912 1598 953 tan-

524 991 683 1041 quam
708 978 759 1026 in
787 980 1048 1042 amplexu.
1097 979 1275 1027 Lubin.
1341 981 1410 1028 Et
1450 987 1597 1029 recte

529 1056 781 1102 tremulum
819 1055 1028 1117 dicitur,
1069 1070 1133 1103 ex
1170 1071 1270 1119 quo
1293 1056 1522 1105 nascitur
1543 1056 1595 1104 in

530 1130 846 1180 audientium
880 1132 1062 1180 animis
1093 1132 1335 1196 voluptas
1357 1132 1595 1196 quaedam

531 1207 767 1269 titillans,
810 1208 1064 1257 contraria
1101 1209 1368 1272 gravitati,
1400 1217 1454 1257 et
1476 1222 1596 1256 con·

532 1284 761 1346 stantioe,
804 1292 861 1333 ut
891 1286 966 1334 ait
1006 1285 1209 1333 Cicero.
1267 1285 1445 1333 latium
1485 1289 1596 1334 sunt

514 1360 581 1410 a!
618 1358 803 1425 ὀρέξεις,
847 1369 900 1410 et
946 1376 1065 1424 pars
1099 1362 1252 1411 animi
1286 1377 1388 1425 qua
1412 1377 1596 1411 concu-

529 1438 800 1503 piscimus,
824 1445 879 1488 et
903 1454 1038 1503 quae,
1057 1445 1113 1486 nt
1132 1438 1358 1503 loquitur
1375 1439 1450 1487 M.
1470 1439 1594 1487 Tul·

528 1515 644 1577 lius,
685 1516 955 1578 voluptate
994 1516 1171 1577 alitur,
1225 1515 1308 1564 vel
1363 1514 1594 1578 corporis

528 1598 706 1657 partes
749 1607 865 1657 quae
903 1591 1334 1655 concupiscentia:
1377 1591 1452 1639 illi
1492 1606 1595 1640 ser-

530 1670 693 1721 viunt.
753 1668 955 1719 casaub.

593 1752 659 1798 22
688 1748 942 1812 ²5¹¹?stch
984 1748 1100 1799 Jam
1119 1764 1216 1813 per
1227 1748 1594 1813 Apostropheu

526 1824 860 1889 progreditur
882 1824 947 1874 ad
969 1825 1289 1889 specialiora,
1321 1826 1594 1888 reprehen-

532 1899 714 1964 ditque
741 1899 935 1948 Poetae
957 1900 1022 1949 ab
1045 1900 1289 1964 adjuncto
1321 1902 1494 1950 aetatis
1516 1914 1594 1950 se·-

531 1975 879 2037 nilis.——Trm’‚
907 1975 1017 2039 &cd
1069 1977 1185 2026 Hoc
1220 1984 1371 2039 gestu
1400 1977 1516 2026 irati
1539 1984 1596 2027 et

528 2051 842 2114 indignantis
858 2052 1302 2116 pronunciandum
1323 2060 1423 2103 est.
1492 2055 1595 2103 Re-

528 2126 685 2190 spicit
718 2134 889 2177 autem
931 2128 996 2177 ad
1033 2129 1268 2192 superins
1292 2129 1449 2179 illud:
1484 2135 1597 2178 tnnc

530 2217 636 2252 cum
678 2204 740 2251 ad
778 2204 1015 2264 canitiem,
1051 2209 1133 2269 ξε.
1216 2206 1379 2257 Qnasi
1417 2205 1592 2256 dicat:

529 2281 675 2329 Tunc
710 2283 882 2345 capuli
915 2282 1074 2332 decus
1121 2283 1359 2347 delirum,
1403 2285 1595 2334 silicer-

529 2356 671 2405 nium
701 2363 870 2420 vetus,
903 2364 959 2407 et
982 2367 1250 2409 veternose
1274 2375 1451 2424 senex,
1472 2361 1596 2410 alio·

530 2446 643 2483 rum
686 2433 935 2485 delicatas
971 2441 1027 2485 et
1066 2436 1279 2487 lascivas
1316 2451 1464 2489 aures
1504 2439 1595 2489 ob·

526 2513 716 2562 scoenis
743 2514 1054 2564 carminibus
1076 2515 1254 2565 studes
1276 2531 1489 2580 pascere
1509 2520 1597 2567 ?—

538 2589 723 2654 Vct-cle]
765 2591 859 2639 Est
873 2605 1058 2641 nomen
1075 2592 1305 2655 convitii,
1320 2600 1375 2643 et
1389 2608 1596 2658 semper

525 2665 580 2715 in
624 2666 857 2730 pejorem
901 2674 1102 2731 partem
1144 2670 1362 2732 rapitur.
1430 2671 1594 2723 Quasi

528 2742 704 2793 dicat:
741 2744 913 2793 Senex
937 2744 1118 2807 delire,
1139 2744 1595 2809 decrepite—An-

526 2818 693 2869 n'eulis
712 2818 901 2882 altenis]
951 2821 1163 2870 Scilicet
1180 2820 1493 2871 Auditorum
1516 2830 1595 2873 tu-

531 2909 700 2958 orum,
724 2897 810 2960 qul
844 2897 939 2946 hac
965 2905 1141 2958 aetate,
1165 2911 1265 2947 nou
1295 2899 1479 2961 aliena,
1501 2902 1592 2950 sed

529 2973 762 3034 propria,
785 2974 923 3022 etad
944 2980 997 3023 te
1021 2975 1335 3037 pertinentia
1356 2983 1593 3039 spectare

529 3046 782 3112 debebas,
817 3056 871 3098 et
907 3050 1050 3112 cnjus
1090 3059 1216 3100 aetas
1250 3053 1403 3115 longe
1441 3053 1593 3101 aliam

528 3124 711 3187 vitam,
730 3124 856 3173 alios
874 3139 1040 3173 mores
1064 3127 1595 3189 postulabat-Colli-

526 3199 627 3262 εἰς,
653 3199 761 3263 esa]
816 3201 1095 3264 Componis
1128 3204 1356 3252 carmina
1390 3205 1593 3254 lascivis

527 3275 737 3326 auribus
783 3283 946 3339 grata,
987 3278 1180 3327 lasciva
1227 3285 1284 3328 et
1330 3280 1593 3344 obscoena,

529 3352 715 3418 quibus
749 3352 977 3401 lasciviae
1007 3360 1062 3404 et
1083 3355 1309 3406 libidinis
1332 3355 1593 3422 fomentis,

526 3438 774 3495 tanquam
799 3428 917 3477 cibo
940 3430 1022 3478 vel
1056 3444 1176 3481 esca
1201 3442 1458 3496 pascatur.
1529 3434 1588 3485 Id

526 3513 626 3567 est,
666 3505 902 3555 Aliorum
934 3506 1152 3556 lascivas
1187 3516 1242 3556 et
1268 3512 1403 3559 omui
1431 3511 1589 3575 turpi-

528 3582 693 3632 tudini
733 3588 972 3646 patentes
1006 3596 1174 3646 aures,
1214 3585 1372 3648 turpi,
1410 3585 1589 3648 salaci,

526 3659 809 3723 impudico,
841 3667 897 3708 et
920 3666 974 3708 te
994 3667 1182 3725 tuaque
1200 3668 1355 3710 aetate
1379 3651 1589 3725 indigno

526 3736 752 3785 carmine
803 3735 1004 3798 delinis,
1048 3736 1277 3786 suaviter
1318 3735 1478 3787 afficis
1533 3745 1591 3788 et

527 3812 673 3876 quasi
699 3812 883 3875 pascis.
929 3812 1102 3862 Dubia.
1165 3814 1497 3864 Auriculam„
1519 3830 1590 3865 es-

524 3904 593 3938 coe
602 3896 721 3937 sunt
737 3889 781 3937 ol
791 3887 948 3951 λόγοι,
960 3889 1204 3939 Ροὲιιιιῐιι
1220 3891 1299 3940 vel
1311 3892 1588 3942 orationes.

523 3964 863 4014 Tritissimnm
883 3971 963 4013 est
986 3964 1122 4027 apud
1140 3966 1357 4016 Groecos
1374 3968 1593 4029 εὐωχεῖσ-

525 4046 601 4090 θαι
632 4038 795 4101 λόγοις
829 4047 884 4089 et
917 4039 1110 4101 εὐωχία
1157 4041 1233 4090 καὶ
1275 4042 1508 4094 ἑστιάσεις
1538 4045 1591 4094 ἃ·

523 4119 659 4168 κοῶν.
729 4118 801 4166 At
841 4116 997 4165 animi
1037 4116 1300 4180 pabulum,
1334 4119 1500 4169 literae
1535 4130 1592 4170 et

525 4196 768 4245 eruditio.
834 4194 999 4243 Porro
1031 4193 1109 4241 vis
1145 4194 1295 4257 hujus
1318 4196 1591 4259 reprelien-

525 4271 682 4324 sionis
718 4272 941 4324 maxime
966 4269 1017 4320 in
1045 4284 1169 4320 voce
1199 4270 1365 4322 albeis
1386 4272 1587 4338 posita:

1239 376 1456 426 1⁴01·AE
1502 374 1908 424 vammum
1964 376 2041 423 IN

1674 520 1868 584 quippe
1908 517 2274 568 alienissimum
2310 523 2388 567 est
2419 533 2452 570 a
2482 517 2741 580 sapiente,

1672 596 1842 647 facere
1866 597 2059 660 aliquid
2086 604 2302 660 propter
2315 597 2532 644 alienam
2557 597 2740 658 volup·

1675 680 1855 723 tatem.
1921 674 2114 722 Verum
2151 674 2263 721 baec
2301 674 2507 736 propria
2529 679 2612 721 est
2648 674 2740 721 miss

1675 750 1810 799 seria
1848 750 2061 814 gloriam
2096 750 2427 809 sectantium,
2458 748 2597 812 quod
2628 748 2743 798 feli·

1673 826 1891 875 citatem
1909 841 2048 875 suani
2070 826 2120 874 in
2141 826 2309 874 aliena
2327 825 2630 888 operatione
2652 839 2741 887 po·

1674 910 1833 950 nunt:
1889 904 1988 950 hoc
2027 908 2130 962 est,
2170 901 2219 950 in
2260 901 2544 964 voluptate,
2586 915 2738 964 qnam

1673 979 1888 1040 capiunt
1920 978 2007 1026 alii
2047 994 2110 1027 ex
2139 978 2363 1041 ipsorum
2388 976 2585 1026 labore.
2645 978 2740 1024 Co-

1669 1054 1800 1103 saub.

1735 1134 1799 1180 2³
1831 1131 2088 1192 Auricult‘s,
2115 1131 2223 1192 ξω]
2278 1131 2509 1179 Tantum
2532 1129 2738 1179 laboras

1672 1215 1731 1256 ut
1767 1208 1973 1271 placeas
2010 1208 2222 1255 aliorum
2260 1206 2503 1254 auribus?
2545 1213 2601 1254 at
2626 1207 2740 1270 qui·

1673 1283 1768 1332 bus
1798 1284 2036 1332 auribus?
2086 1295 2274 1345 nempe
2298 1296 2474 1331 eorum
2499 1282 2585 1345 qui
2608 1282 2740 1330 adeo

1672 1361 1782 1408 sine
1797 1360 2002 1423 judicio
2023 1360 2241 1409 laudant
2266 1373 2394 1423 quos
2424 1358 2656 1419 laudant,
2681 1365 2740 1407 ut

1670 1438 1872 1500 cogaris
1895 1438 1978 1485 vel
2002 1436 2192 1485 invitus
2216 1436 2268 1485 id
2293 1449 2572 1499 agnoscere
2594 1451 2608 1482 :
2652 1435 2740 1499 qui

1669 1528 1808 1577 saepe
1852 1514 1922 1561 sis
1959 1522 2227 1576 expertus,
2263 1512 2377 1561 illos
2419 1516 2508 1560 tua
2542 1512 2741 1574 scripta

1670 1591 1746 1640 ita
1783 1589 2054 1653 magnifice
2096 1589 2368 1651 extollere,
2412 1596 2469 1637 ut
2518 1598 2569 1636 te
2617 1590 2741 1638 licet

1670 1667 1998 1715 vanissimum
2032 1666 2373 1731 snppuderet,
2409 1665 2541 1715 adeo
2572 1672 2631 1714 ut
2670 1666 2744 1714 di-

1668 1757 1815 1792 ceres
1848 1743 1970 1805 illis,
1997 1744 2107 1792 ohe:
2156 1743 2282 1792 satis
2305 1750 2406 1792 est.
2476 1744 2739 1792 Cusanum.

1667 1819 1936 1882 ——Quibus‚
1965 1819 2072 1881 ξι]
2130 1819 2544 1868 Molestissimum
2567 1834 2744 1868 aeroa-

1668 1913 1754 1948 ma
1794 1898 1845 1946 in
1881 1912 1937 1947 os
1975 1898 2190 1947 laudari.
2258 1897 2387 1946 Ideo
2428 1897 2641 1946 Persius
2673 1897 2739 1946 de

1670 1974 1961 2023 avidissimo
2007 1974 2205 2036 gloriae,
2253 1979 2309 2022 et
2347 1973 2626 2026 vanissimo
2670 1974 2742 2022 to-

1671 2066 1852 2115 quens,
1871 2053 1975 2100 ait:
2010 2051 2179 2116 quibus
2210 2052 2344 2099 dicus
2363 2055 2410 2099 et
2432 2056 2486 2099 tu
2508 2057 2620 2099 cute
2634 2065 2740 2115 per-

1669 2131 1817 2180 ditus.
1878 2130 2098 2193 Proprie
2139 2128 2320 2178 vitium
2357 2129 2595 2192 corporis
2629 2129 2741 2177 hoc

1671 2205 1828 2254 verba
1866 2206 2159 2269 designant,
2199 2210 2305 2253 cute
2333 2206 2576 2268 perditas.-
2624 2221 2738 2270 qnae

1673 2282 1752 2329 vel
1777 2281 1842 2330 de
1867 2281 2101 2330 scabioso
2133 2294 2401 2345 possumus
2424 2281 2741 2345 interpreta-

1671 2358 1731 2421 ri,
1769 2358 1852 2407 vel
1891 2358 1957 2407 de
1997 2372 2060 2407 eo
2098 2356 2183 2421 qui
2223 2370 2356 2420 aqua
2378 2357 2645 2405 intercute
2668 2357 2741 2406 la-

1673 2436 1839 2488 boret.
1921 2436 2025 2487 Sed
2068 2434 2352 2486 convitium
2391 2434 2599 2498 corpori
2635 2434 2742 2484 dic-

1673 2522 1801 2577 tum,
1830 2514 1894 2563 ad
1919 2514 2143 2563 animum
2168 2509 2356 2562 referri
2379 2511 2565 2561 debet:
2601 2513 2739 2576 quod

1669 2590 1722 2640 in
1765 2590 2004 2640 omnibus
2049 2588 2233 2651 linguis
2284 2587 2738 2638 familiarissimum

1671 2676 1770 2719 est.
1854 2667 2403 2718 convenientissimum
2445 2667 2547 2715 erit
2582 2667 2625 2715 si
2675 2668 2741 2716 de

1670 2745 1906 2808 hydrope
1944 2742 2192 2806 accipias.
2260 2743 2446 2807 Itaque
2466 2742 2642 2806 opinio
2665 2744 2740 2792 sui

1670 2829 1722 2872 et
1747 2823 1893 2881 otmar
1914 2828 2135 2870 vocatur
2161 2820 2407 2884 hydrops.
2464 2820 2739 2869 Casani».—

1673 2901 1794 2950 Cute
1832 2898 2072 2962 perditas]
2143 2895 2435 2947 Per-frictus
2478 2895 2704 2946 frontem
2723 2915 2739 2946 :

1669 2976 1973 3041 impudens:
2033 2975 2143 3038 vel,
2189 2974 2385 3038 studio,
2429 2981 2521 3023 ant
2565 2974 2741 3035 etiam,

1670 3053 1815 3102 senio
1848 3059 2021 3101 cutem
2055 3049 2570 3113 contractum—OM]
2621 3052 2740 3099 Vox

1669 3129 1806 3178 senis
1823 3127 2129 3193 juveniliter
2150 3126 2454 3190 exultantis,
2485 3135 2541 3178 et
2565 3127 2665 3176 sibi
2688 3127 2740 3176 in

1669 3204 1912 3255 obscoeno
1948 3211 2234 3268 teneroque
2272 3202 2499 3253 carmine
2523 3205 2739 3267 applan-

1669 3280 1879 3342 dentis3
1935 3287 1991 3330 et
2031 3280 2233 3331 inducit
2278 3295 2394 3345 quae
2438 3287 2739 3346 sequuntur.

1670 3358 1881 3410 Fur-nab.

1732 3441 1794 3485 24
1832 3437 1954 3498 Qua,
1982 3437 2089 3501 ζα]
2163 3435 2340 3485 Verba
2383 3442 2506 3485 sunt
2546 3433 2736 3496 Persii,

1668 3527 1843 3563 senem
1867 3513 2085 3562 Poe'tarn
2118 3513 2362 3576 Scoptice
2404 3512 2660 3570 vexantis,
2684 3516 2740 3560 et

1667 3588 1804 3636 senis
1825 3601 2059 3637 caussam
2083 3587 2316 3652 Satyrice
2342 3595 2396 3637 et
2421 3588 2630 3637 Ironice
2648 3587 2735 3637 de-

1667 3663 1960 3725 fendentis3
2010 3679 2161 3732 quern
2185 3665 2305 3714 dum
2327 3665 2492 3714 videri
2517 3668 2628 3714 vult
2650 3679 2739 3714 ex-

1667 3753 1849 3789 cusare
1872 3746 1929 3789 et
1960 3739 2260 3800 defendere,
2282 3740 2640 3790 vehementius
2663 3742 2739 3803 ip·

1669 3831 1778 3866 sum
1818 3816 2071 3879 exagitat,
2117 3813 2355 3863 omnibus
2395 3811 2737 3864 deridendum

1668 3894 1931 3956 propinat.
1989 3891 2151 3944 Quasi
2171 3890 2396 3940 diceret=
2433 3891 2563 3943 Quis
2580 3891 2737 3955 igitur

1669 3966 1870 4018 fructus
1894 3967 1998 4017 erit
2032 3965 2342 4028 studiorum,
2378 3966 2420 4014 si
2445 3964 2489 4014 is
2514 3979 2618 4014 non
2641 3974 2742 4025 est,

1669 4053 1726 4094 ut
1750 4059 1843 4108 per
1862 4045 1948 4093 illa
1972 4043 2035 4092 ad
2063 4041 2249 4091 famam
2271 4050 2326 4092 et
2349 4056 2534 4091 nomen
2559 4057 2741 4106 perve-

1666 4118 2091 4181 niamusi—Quo]
2147 4118 2213 4167 Id
2259 4126 2357 4179 est,
2412 4116 2477 4167 eir
2529 4117 2612 4177 τίς
2675 4118 2738 4167 ad

1667 4197 1825 4262 quid?
1859 4197 1909 4246 in
1928 4211 2081 4261 quem
2100 4196 2278 4244 usum?
2324 4195 2487 4247 Quasi
2506 4195 2739 4246 diceret:

1664 4272 1902 4324 Studium
1941 4287 2085 4323 snum
2131 4271 2378 4323 Poetices
2411 4273 2611 4323 nullum
2638 4281 2736 4336 est,
