3050 4913
1260 381 1540 431 sa‘rmA
1592 380 1644 431 t.

341 522 597 590 Mobile
626 521 951 602 muueris»,
979 523 1268 607 patranti
1297 523 1554 588 fractus
1581 522 1823 587 ocello.
1913 532 1918 535 “

341 626 483 691 Hic
510 645 723 708 neque
752 644 932 689 more
961 624 1175 706 probo
1204 624 1437 689 videas
1466 644 1682 707 neque
1706 642 1877 689 voce
1906 640 2140 689 serena

340 727 654 811 Ingentes
683 727 1017 810 trepidare
1046 726 1263 803 Titos,
1294 746 1449 791 cum
1479 727 1771 790 carmina
1794 725 2093 791 lumbum

2451 723 2543 793 21)

342 828 620 907 Intrant,
652 837 719 894 et
747 829 1023 894 tremulo
1051 829 1437 912 scalpuntur
1464 829 1576 893 ubi
1604 829 1836 893 intima
1861 844 2079 893 versu.

338 1057 632 1107 &uocalis
665 1055 866 1105 lascivis.
934 1056 1145 1119 liliam
1166 1056 1421 1121 bonos-itu,
1451 1073 1537 1107 nec
1556 1059 1783 1122 appium
1802 1057 2185 1123 recemum-‘eim
2212 1056 2427 1109 ubaure
2457 1073 2541 1108 no·

338 1120 729 1184 biloeRomos,
760 1121 940 1184 quando
973 1123 2406 1199 mmptrms‚uqmpaemtifamur
2436 1138 2540 1175 car·

340 1200 467 1255 pane
486 1190 726 1236 trentam
763 1186 812 1236 Ο
832 1199 989 1250 senex,
1009 1190 1122 1235 tune
1142 1201 1315 1250 quens
1332 1186 1571 1236 illecebras
1586 1187 1782 1237 auribus
1802 1183 2036 1237 altem?
2069 1187 2298 1251 Aanbas,
2317 1187 2541 1253 iuquam,

1264 1347 1559 1368 ‘emeno
1563 1346 1621 1367 θ’

339 1476 518 1513 errore
540 1468 598 1511 ut
621 1477 737 1512 cum

758 1463 988 1525 quotiens,
1010 1462 1203 1525 totiens,
1232 1468 1288 1512 et
1310 1462 1409 1512 alia
1431 1463 1752 1525 scripserunt
1773 1475 1865 1536 pro
1886 1458 2081 1523 quoties,
2099 1460 2258 1522 toties,
2294 1461 2374 1523 asc.
2443 1459 2542 1511 Ca-

339 1527 685 1576 saubon.--18
716 1528 924 1576 calluerit
945 1526 1082 1576 Edit.
1100 1526 1284 1590 Steph.
1337 1526 1411 1576 At
1428 1526 1645 1576 colueris
1676 1526 1913 1574 meliores
1935 1524 2263 1588 membranae,
2282 1538 2384 1574 non
2406 1525 2544 1574 collu-

339 1590 456 1652 erir,
478 1591 613 1655 quod
637 1590 688 1639 in
702 1590 815 1639 aliis
837 1590 985 1639 libris
1003 1590 1057 1639 le'
1090 1591 1218 1640 itur:
1244 1592 1441 1654 inepte,
1458 1590 1560 1640 nisi
1580 1589 1718 1654 legas
1735 1588 1856 1638 Sede
1874 1590 1998 1650 leget
2017 1589 2153 1639 celsa.
2187 1589 2543 1638 Casaubou.—

347 1659 411 1704 19
431 1656 563 1707 nnc
578 1654 759 1719 [πολὺ
773 1656 830 1706 C.
842 1669 1040 1704 νουσα

1117 1670 1161 1705 s.
1177 1656 1242 1704 R.
1275 1670 1383 1705 voce
1401 1655 1682 1705 sommMs.
1700 1652 1945 1703 (hh—21
1958 1653 2353 1720 sculpuntur-Ma.
2366 1653 2430 1702 R.
2449 1652 2540 1704 sed

1339 1773 1555 1826 NOTAE

343 1884 500 1921 causa
541 1870 976 1921 convocabantur.
1056 1871 1192 1921 Vide
1236 1872 1400 1922 Mart.

342 1945 647 2011 Epigawti.
671 1954 727 1996 et
744 1960 797 1995 x.
812 1951 893 1997 70.
929 1946 1067 1997 Plin.
1080 1947 1137 1996 in
1152 1948 1402 2012 Epistolis

342 2023 623 2086 passim,ut
644 2023 677 2073 l.
694 2036 758 2072 n.
779 2022 945 2086 Epist.
965 2027 1043 2074 19.
1065 2024 1103 2073 l.
1123 2037 1205 2074 rx.
1228 2024 1400 2088 Epist.

345 2101 425 2148 2⁷.
457 2099 859 2149 luculentissime
881 2113 1009 2148 vero
1048 2100 1085 2149 l.
1110 2113 1210 2149 vn.
1235 2099 1401 2164 Epist.

345 2178 427 2224 1¹1.
467 2182 523 2224 et
558 2176 591 2223 Ι.
631 2189 750 2224 vm.
791 2174 955 2239 Epist.
986 2178 1065 2224 12.
1132 2174 1404 2225 Juvenalis

343 2257 518 2302 autem
538 2252 646 2301 Sat.
665 2265 766 2301 vn.
787 2251 946 2301 docet
962 2256 1155 2316 quanto
1174 2250 1227 2300 id
1244 2248 1405 2300 fiebat
1439 2287 1444 2291 .

345 2334 626 2392 apparatu:
682 2328 698 2356 ‘
729 2327 803 2378 At
847 2327 892 2376 si
932 2327 1207 2377 dulcedine
1250 2324 1402 2375 famae

344 2404 636 2455 Succensus
679 2404 883 2468 recites,
921 2403 1225 2453 Meculonus
1267 2416 1404 2452 com-

345 2479 523 2530 modat
544 2479 719 2530 aedes.’
786 2480 856 2529 Et
890 2480 1044 2544 paulo
1078 2487 1221 2544 post:
1257 2479 1405 2529 ‘Scit

347 2557 472 2607 dare
494 2556 707 2607 libertos
725 2562 957 2606 extrema
978 2556 1029 2605 in
1049 2560 1199 2618 parte
1223 2554 1405 2604 seden-

348 2637 428 2683 tes
452 2631 685 2694 Ordinis,
717 2637 773 2681 et
793 2646 1006 2695 magnas
1040 2630 1283 2680 comitum
1306 2628 1405 2678 dis·

345 2720 541 2772 ponere
578 2721 745 2756 voces.
813 2705 980 2754 Nemo
1020 2704 1166 2755 dabit
1203 2707 1405 2771 Regum

347 2782 526 2850 quanti
571 2781 818 2831 subsellia
867 2786 1124 2842 constent,
1178 2780 1247 2830 Et
1289 2794 1404 2845 quae

347 2859 605 2910 conducto
645 2857 874 2922 pendent
912 2857 1195 2906 anabathra
1218 2856 1405 2922 tigillo,

346 2934 583 3000 Quaque
622 2932 947 2998 reportandis
988 2933 1161 2995 posita
1202 2938 1282 2982 est
1325 2947 1407 2981 or-

346 3010 552 3060 chestra
604 3008 897 3059 cathedris!
996 3010 1076 3058 Ex
1132 3007 1210 3058 his
1259 3014 1409 3071 patet

346 3086 671 3136 consuevisse
708 3085 1017 3134 recitaturos
1039 3085 1141 3134 suis
1163 3084 1409 3148 impensis

346 3178 533 3214 ornare
556 3162 889 3224 auditorium,
926 3162 1168 3213 subsellia
1206 3162 1405 3212 audito-

345 3239 507 3306 ribus,
544 3239 640 3289 sibi
681 3253 806 3289 vero
838 3239 1092 3303 pulpitum
1135 3247 1192 3288 et
1227 3240 1405 3289 sedem

344 3314 620 3382 sublimem
650 3316 944 3379 disponere.
1009 3316 1156 3365 Idem
1187 3317 1408 3366 habetur

345 3405 415 3460 ex
453 3390 677 3453 Dialogo
709 3390 775 3440 de
810 3390 1145 3440 Oratoribus:
1183 3392 1198 3419 ‘
1220 3390 1290 3440 Et
1321 3391 1409 3440 do-

344 3479 487 3516 mum
531 3471 812 3528 mutuatur,
856 3472 911 3513 et
962 3465 1271 3515 auditorium
1324 3481 1409 3514 ex-

346 3542 524 3606 struit,
544 3549 601 3591 et
623 3542 868 3591 subsellia
891 3542 1155 3605 conducit,
1187 3550 1243 3591 et
1265 3542 1409 3593 libel·

346 3615 427 3668 los
437 3618 721 3683 dispergit,’
731 3617 911 3682 quibus
925 3632 1107 3681 nempe
1123 3618 1408 3667 invitentur

346 3693 591 3743 audituri.
655 3693 791 3742 Vide
831 3693 970 3743 Plin.
992 3692 1159 3756 Epist.
1178 3707 1216 3742 ι.
1239 3697 1320 3742 18.
1353 3697 1409 3741 et

348 3782 417 3836 ar.
441 3774 520 3820 1⁴.
586 3770 759 3834 Atque
781 3775 840 3817 ut
860 3766 1233 3833 frequentiores
1264 3768 1408 3817 ades·

349 3851 470 3896 sent
502 3846 777 3908 auditores,
812 3844 979 3908 pretio
1016 3845 1169 3893 etiam
1206 3858 1410 3893 munus-

346 3920 480 3971 culis
523 3921 861 3984 cogebantur.
930 3920 1119 3971 Horat.
1164 3921 1214 3968 in
1258 3921 1410 3981 Arte,

346 3993 461 4047 ‘Ut
504 4012 680 4061 praeco
721 3997 786 4046 ad
828 4011 1024 4046 merces
1079 3997 1283 4047 turbam
1321 3995 1407 4061 qui

350 4073 496 4136 cogit
517 4073 774 4136 emendas,
798 4072 1159 4122 Assentatores
1170 4073 1321 4138 jubet
1343 4072 1408 4121 ad

350 4150 552 4202 lucrum
575 4151 652 4199 ire
674 4150 879 4200 Poeta!
927 4151 1230 4200 EtPersius
1255 4151 1411 4214 paulo

354 4232 493 4294 post,
535 4226 710 4278 tritam
748 4227 1010 4278 lacernam
1061 4226 1193 4291 dari,
1235 4240 1413 4276 sumen

1483 1871 1694 1937 apponi,
1735 1871 1827 1924 ait.
1909 1868 2246 1920 Adbibebant
2287 1874 2545 1933 praeterea

1482 1953 1786 1998 ornamenta
1825 1945 2060 2012 corporis
2107 1946 2265 2009 varia,
2309 1952 2370 1995 ut
2420 1945 2544 1996 inde

1483 2022 1778 2073 recitationi
1801 2022 2045 2087 splendor
2067 2022 2362 2072 accederet.
2387 2020 2543 2074 Quod

1482 2099 1704 2149 innuunt
1746 2098 1958 2149 Persius
2002 2099 2131 2148 hic:
2184 2097 2449 2148 Plutarch.
2491 2096 2544 2146 in

1482 2173 1768 2240 Pompeio:
1807 2175 2004 2224 Seneca
2025 2175 2124 2239 Ep.
2148 2178 2260 2225 114.
2312 2174 2544 2225 Martini.

1485 2250 1584 2314 Ep.
1605 2265 1683 2300 tv.
1704 2254 1786 2301 41.
1819 2256 1876 2299 et
1895 2264 1972 2299 vr.
1996 2255 2076 2301 41.
2140 2250 2275 2300 Vide
2298 2257 2355 2300 et
2374 2250 2545 2315 Agell.

1484 2339 1565 2375 11.
1596 2330 1644 2375 9.
1679 2326 1768 2376 ubi
1806 2326 2054 2390 reperies,
2084 2325 2302 2389 digitum
2340 2327 2545 2389 annulo,

1484 2410 1644 2468 caput
1668 2402 1895 2466 palliolo,
1914 2415 2063 2451 aures
2093 2400 2402 2465 ligamentis,
2435 2400 2547 2451 fau·

1485 2495 1574 2529 ces
1597 2480 1789 2529 vellere
1822 2492 1918 2528 ceu
1938 2479 2056 2526 lana
2075 2479 2342 2527 exornari:
2382 2469 2544 2542 pexos

1485 2557 1642 2605 etiam
1697 2556 1929 2621 capillos,
1984 2563 2133 2620 togas
2196 2560 2432 2603 recentes
2490 2562 2546 2604 et

1486 2631 1799 2696 splendidas.

1553 2708 1814 2772 Plamate]
1894 2706 1980 2758 Ad
2009 2706 2302 2758 leniendam
2342 2721 2543 2772 vocem,

1485 2786 1877 2850 suavioremque
1900 2783 2201 2834 faciendam.

1552 2866 1614 2911 18
1649 2860 1901 2923 Palmati]
1966 2861 2187 2911 Patrare
2221 2861 2430 2925 proprie
2463 2866 2547 2911 est

1485 2938 1787 2986 παιδοποιεῖν.
1852 2936 2006 2985 Unde
2031 2936 2114 2985 hic
2150 2952 2244 3000 pro
2265 2937 2544 2988 libidinoso

1487 3019 1702 3076 aspectu
1727 3027 1758 3060 a
1778 3012 1962 3061 Persio
1983 3020 2274 3077 usurpatur.

1554 3094 1619 3138 19
1658 3088 1776 3151 Hic]
1842 3088 1908 3137 Id
1931 3095 2031 3153 est,
2054 3088 2109 3136 in
2143 3088 2242 3139 illis
2282 3090 2546 3142 recitatio-

1485 3163 1655 3214 nibus.

1554 3240 1716 3303 Neque
1756 3255 1865 3290 voce
1905 3242 2090 3307 serena]
2153 3240 2547 3295 Acclamatione

1486 3313 1716 3366 confusa.

1549 3396 1615 3441 20
1653 3391 1930 3456 trepidare]
1995 3391 2313 3442 Exhibendoe
2344 3391 2546 3442 laetitiae

1485 3474 1543 3517 et
1586 3468 1970 3531 approbationis
2013 3481 2186 3517 causa.
2254 3466 2441 3516 Horat.
2490 3466 2544 3516 in

1484 3550 1615 3593 arte.
1649 3543 1665 3571 ‘
1682 3543 1863 3605 Saliet,
1888 3543 2075 3592 tundet
2097 3542 2228 3605 pede
2251 3540 2480 3591 terram?

1554 3617 1710 3679 Titos]
1776 3618 1923 3666 Dicti
1956 3622 2074 3666 suut
2094 3616 2203 3667 Titi
2225 3616 2420 3665 nobiles
2446 3616 2548 3667 Ro·

1488 3691 1627 3741 mani
1664 3705 1695 3740 a
1726 3691 1843 3740 'rito
1875 3691 2047 3753 Tatio,
2069 3693 2151 3739 vel
2175 3707 2205 3740 a
2227 3692 2419 3742 tuendo
2441 3694 2545 3749 Im·

1489 3782 1656 3833 peno.

1554 3842 1783 3892 Lamban·
1799 3842 2004 3905 intrant]
2071 3843 2359 3894 Excitaudo
2381 3845 2548 3895 libidi-

1490 3934 1625 3982 nem,
1648 3921 1795 3984 cujus
1813 3921 1962 3969 sedes
1984 3927 2066 3970 est
2087 3920 2138 3969 in
2159 3920 2374 3971 lumbis:
2412 3921 2547 3989 quod

1490 3994 1690 4045 faciunt
1714 3995 1942 4045 obscoeui
1965 4011 2159 4046 versus.

1556 4076 1618 4121 21
1654 4072 1889 4135 'li-emb]
1920 4072 2160 4122 Tremula
2178 4087 2301 4123 voce
2324 4087 2547 4137 pronun-

1491 4148 1687 4216 tiando,
1710 4156 1767 4200 ut
1787 4149 1988 4199 mollior
2007 4150 2077 4200 sit
2097 4164 2268 4200 sonus.
