3050 4913
1248 354 1320 404 a.
1365 354 1639 406 esaan.
2396 340 2529 409 ms

405 524 542 575 nus,
571 502 754 574 Gassi,
781 510 1061 580 notasque
1091 505 1383 567 bueviooes
1421 505 1498 567 ad
1535 507 1824 584 juvenum
1850 506 2046 568 studia
2066 506 2323 585 aptiores
2350 510 2528 588 scrip-

410 609 613 660 serunt
658 600 778 658 Th.
835 599 1174 672 Farnabius,
1232 600 1404 672 1612,
1460 611 1522 661 et
1572 603 1671 664 10.
1728 604 1921 680 Bond,
1982 602 2159 665 1614.
2206 624 2343 683 quae
2389 606 2528 720 dein

411 695 733 774 saepissime
761 714 981 756 recusae
1008 708 1166 758 sunt.

337 793 498 855 1586
543 795 722 853 Paris.
759 803 815 855 8.
849 794 1077 853 Persius
1104 814 1160 854 c.
1187 813 1335 857 vers.
1368 795 1602 856 Gallica
1631 798 1710 855 G.
1741 796 2029 856 Duraudi.

338 898 495 960 1587
543 890 816 949 Francos.
849 899 905 951 8.
938 891 1170 951 Persius
1195 893 1637 972 cumparaphr.
1667 892 1805 951 Nic.
1838 892 2165 954 Frisehlini.

339 993 494 1058 1595
539 986 786 1045 Amstel.
820 995 876 1044 8.
911 987 1138 1046 Persius
1169 1007 1303 1046 cum
1337 988 1682 1066 paraphrasi
1724 997 1784 1047 et
1824 989 1977 1047 notis
2005 989 2270 1049 nithardi
2300 990 2528 1051 Lubini.

418 1091 709 1141 memorat
755 1081 997 1141 Crenius
1047 1083 1113 1142 P.
1169 1097 1277 1142 111.
1333 1082 1736 1142 Animadverti.
1781 1101 1841 1159 p.
1895 1080 1990 1142 16.
2039 1094 2098 1142 et
2144 1085 2332 1145 catal.
2375 1087 2530 1146 nihl.

417 1178 595 1238 Zecb.
621 1198 683 1256 p.
711 1176 812 1238 61.
835 1198 900 1240 n.
930 1178 1073 1250 996.
1102 1179 1257 1242 Bibl.
1285 1179 1578 1240 Hasteana
1604 1180 1797 1239 Brenn.
1830 1198 1893 1257 p.
1926 1186 2067 1248 592.
2095 1199 2156 1239 n.
2192 1180 2328 1240 146.
2481 1195 2486 1200 ·

340 1274 500 1345 1596
542 1275 810 1334 Francos.
863 1284 920 1336 8.
968 1274 1282 1338 Nicodemi
1331 1275 1658 1346 Prisohliui,
1686 1293 1826 1335 cum
1873 1278 1930 1334 in
1974 1276 2055 1344 Q.
2096 1276 2327 1336 Horatii
2373 1279 2532 1357 Epp.

416 1369 599 1434 libros
619 1372 804 1431 duos:
850 1381 973 1431 tum
1022 1372 1081 1430 in
1124 1375 1200 1430 A.
1229 1371 1410 1432 Persii
1453 1371 1543 1432 ΡΙ.
1584 1371 1873 1432 Volaterr.
1914 1371 2151 1449 Satyrus
2178 1390 2530 1451 sex-para·

416 1467 683 1545 phrases.
732 1466 1002 1527 Francos.
1047 1465 1127 1526 ad
1180 1468 1447 1528 Moenum
1500 1466 1656 1545 typis
1700 1467 1856 1529 1011.
1929 1466 2172 1544 Spiessii
2228 1483 2528 1529 unxcvl.

420 1565 696 1623 Servatur
720 1564 779 1622 in
813 1564 962 1625 Bibl.
986 1563 1175 1624 Acad.
1208 1563 1484 1624 Heidelb.
1514 1561 1875 1641 significante
1904 1562 2072 1621 nobis
2095 1564 2233 1623 clar.
2263 1564 2533 1643 Biitting-

424 1658 655 1719 hausen.

342 1764 500 1827 1599
541 1756 932 1826 Salmanticae.
961 1764 1016 1818 8.
1046 1757 1293 1827 Persius,
1337 1776 1474 1818 cum
1521 1755 1788 1835 ecphrasi
1829 1775 1878 1816 s.
1907 1755 2181 1835 parapbr.
2208 1765 2272 1816 et
2296 1756 2533 1816 scholiis

421 1853 630 1913 Frane.
659 1853 902 1924 sanctii,
929 1853 1251 1916 Brooensis.

346 1946 501 2007 1600
542 1947 727 2007 Paris.
759 1957 814 2008 8.
849 1947 1076 2007 Persius
1115 1966 1252 2008 cum
1277 1946 1515 2012 Coum.
1544 1946 1778 2008 Theod.
1812 1946 2090 2020 Marcilii,
2119 1965 2536 2009 commemora-

419 2053 520 2103 tur
549 2042 815 2121 Lipeuio.
2512 2069 2515 2074 ·

346 2137 496 2199 1601
545 2139 726 2200 Paris.
778 2148 840 2199 4.
886 2138 1069 2199 Persii
1110 2141 1339 2219 Satyra
1381 2158 1518 2199 oum
1565 2139 1798 2201 Comm.
1830 2138 2068 2199 Theod.
2117 2138 2392 2209 Marcili,
2438 2140 2534 2199 10.

421 2237 789 2316 Tomupaei;
833 2237 903 2297 L.
932 2239 1008 2298 A.
1037 2237 1286 2300 Cornuti
1312 2237 1372 2296 in
1398 2235 1651 2296 eumdem
1678 2236 1911 2297 Comm.
1936 2256 2010 2295 ex
2038 2235 2193 2296 Bibl.
2220 2236 2318 2295 10.
2349 2236 2538 2296 Rous-

420 2333 556 2405 sati,
586 2335 676 2394 m.
705 2333 902 2396 Vineti
927 2332 1198 2394 Santonis
1233 2333 1295 2392 in
1337 2331 1589 2394 eundem
1620 2340 1804 2392 notae.
1829 2335 1980 2391 Ace.
2013 2332 2080 2392 P.
2110 2331 2324 2392 Pithoei
2363 2333 2537 2393 variae

419 2429 584 2495 lectt.
616 2439 677 2490 et
703 2439 858 2493 uotoe
911 2427 987 2490 ad
1041 2437 1262 2490 veteres
1308 2429 1554 2508 glossas.
1557 2429 1779 2490 ——Lut.
1823 2427 2007 2489 Paris.
2051 2428 2208 2507 apud
2256 2428 2355 2490 el.
2404 2428 2541 2489 Mo-
2648 2419 2653 2430 ³

423 2526 648 2588 tellum.

345 2622 500 2689 1605
543 2622 725 2685 Paris.
750 2621 1085 2685 casauboni
1117 2639 1166 2682 1.
1197 2630 1255 2682 8.
1280 2621 1462 2682 Persii
1489 2622 1824 2700 satyrarum
1851 2620 2016 2680 libet.
2050 2620 2290 2683 {sancus
2318 2620 2540 2679 Castu·

423 2720 614 2779 bonus
650 2716 944 2778 recensuit
989 2725 1050 2777 et
1101 2716 1512 2777 commentario
1568 2716 1721 2776 libro
1774 2714 2106 2777 illustravit.
2150 2715 2401 2776 Parisiis.
2447 2715 2530 2775 fl.

421 2816 699 2874 Drouart.

347 2911 501 2981 1607
546 2912 779 2971 Hanov.
811 2917 868 2968 8.
897 2907 1119 2968 Persius
1143 2927 1199 2969 c.
1229 2927 1288 2968 n.
1316 2918 1375 2968 et
1402 2907 1677 2987 paraphr.
1700 2907 1856 2968 Eilh.
1887 2906 2115 2968 Lubini.

351 3008 506 3071 1612
550 3008 740 3067 Lond.
767 3013 830 3066 8.
860 3006 1091 3065 Persius
1117 3026 1172 3068 c.
1207 3026 1268 3067 n.
1290 3006 1447 3066 Tho.
1476 3005 1763 3067 Farnabii.

350 3103 504 3165 1613
548 3103 724 3162 Paris.
756 3111 816 3162 4.
846 3101 1026 3161 Persii
1053 3103 1298 3181 Satyrae‚
1329 3119 1464 3161 eum
1505 3099 1929 3178 antiquissimis
1960 3099 2410 3170 commentariis,
2439 3100 2542 3178 qui

425 3200 687 3259 Cornuto
716 3198 1070 3270 tribuuntur,
1100 3198 1329 3259 collatis
1356 3217 1493 3259 cum
1520 3198 1817 3259 veteribus
1846 3197 2196 3257 membranis
2221 3204 2284 3256 et
2308 3196 2498 3256 auctis
2522 3217 2538 3263 ς

425 3295 569 3354 Eliae
602 3294 791 3352 vineti
817 3293 1161 3372 praefatione
1188 3303 1249 3354 et
1276 3293 1770 3365 annotationibus,
1796 3293 2084 3353 Iohannis
2113 3292 2429 3351 Britannici
2458 3292 2545 3349 iu·

427 3391 869 3471 tet-pretatione,
915 3392 1060 3451 Phil.
1092 3390 1366 3452 Bet-oaldi
1413 3391 1672 3451 oratione
1714 3389 1916 3450 habita
1940 3389 2002 3448 in
2028 3389 2385 3449 enarratione
2410 3388 2547 3447 Per-

428 3487 521 3560 sii,
552 3487 762 3566 Angeli
791 3487 1054 3547 Politiani
1094 3487 1467 3567 praeleotione
1513 3487 1576 3546 in
1612 3486 1895 3555 eundem:
1940 3486 2096 3546 Petri
2136 3484 2346 3545 Pithoei
2373 3483 2544 3543 variis

429 3583 781 3643 lectionibus
826 3592 888 3642 et
934 3584 1121 3652 notin
1163 3580 1747 3643 Theodori‘Marciiii
1772 3581 2275 3643 emendationibus
2303 3591 2360 3640 et
2388 3600 2548 3640 com·-

430 3679 728 3740 mentario.
771 3679 1040 3752 Lutetiae,
1081 3696 1179 3759 ap.
1220 3679 1358 3739 Joh.
1385 3678 1577 3739 Οτι-ἥς.
1617 3680 1691 3739 V.
1723 3677 1913 3739 Catal.
1945 3678 2099 3740 Bibl.
2131 3678 2357 3738 Bunav.
2384 3676 2461 3736 Τ.
2493 3693 2544 3736 1.

428 3776 549 3834 vol.
587 3792 632 3835 1.
661 3795 721 3853 p.
751 3782 892 3835 345.

345 3904 432 3917 -
452 3870 637 3931 Paris.
671 3880 766 3933 12.
799 3870 1027 3931 Persius
1054 3892 1127 3930 ex
1154 3871 1259 3932 off.
1288 3872 1443 3932 Rob.
1474 3873 1776 3953 Stephani.

345 3998 431 4017 -—
452 3967 666 4027 Goion.
694 3967 939 4046 Agripp.

355 4060 513 4123 1614
557 4062 746 4122 Lond.
779 4071 838 4123 8.
873 4062 1100 4124 Persius
1129 4050 1447 4134 enm,notis
1474 4066 1810 4146 posthumis
1830 4068 1926 4127 10.
1954 4064 2150 4127 Bond.
2308 4086 2311 4091 ·

357 4157 511 4219 1615
556 4159 738 4219 Paris.
767 4159 1105 4222 Casaaboni
1151 4179 1232 4225 11.
1275 4172 1337 4226 8.
1381 4165 1561 4227 Persii
1588 4167 1917 4246 satyrarum
1948 4163 2137 4225 Libe.
2167 4162 2405 4222 isaacus
2432 4159 2547 4223 Ca·
