3050 4913
575 373 708 442 QG

576 550 673 586 nus
694 536 737 584 sl
760 535 950 585 rimosa
969 532 1091 598 siut,
1112 532 1296 583 surdus
1325 536 1382 582 et
1416 547 1638 583 raucus:

575 615 654 664 siu
687 614 909 676 sincera,
940 612 1297 672 acutum—Et,
1317 610 1422 674 ξω]
1457 612 1640 661 Altera

574 691 822 754 allegoria
842 690 908 739 ab
931 688 1332 753 expolitionibus
1363 690 1638 750 parietum,

574 767 761 832 quibus
804 782 933 829 opus
970 766 1242 814 tectorium
1278 763 1344 812 ad
1371 777 1637 813 ornamen-

575 851 688 894 tum
719 841 1261 906 illinitur.—Tectm·ia]
1298 843 1639 905 Tegumenta,

573 926 631 972 et
653 921 815 971 fucati
837 922 1053 970 colores.
1125 923 1272 969 Iden.

636 1001 703 1046 2⁶
737 997 855 1059 Hic,
897 996 1005 1059 &cij
1054 998 1195 1046 Finis
1254 1003 1310 1046 et
1364 996 1633 1045 consilium

570 1073 679 1122 voti
721 1073 804 1123 bic
845 1073 1170 1137 exprimitur.
1257 1074 1331 1122 Ut
1378 1072 1635 1133 nimirum,

573 1154 763 1213 quanto
807 1163 979 1197 amore
1019 1149 1200 1197 intimo
1254 1155 1631 1213 praeceptorem

570 1239 718 1275 suum
754 1230 1114 1289 prosequatur,
1150 1239 1281 1288 pura
1315 1233 1370 1275 et
1414 1238 1518 1274 non
1556 1222 1633 1273 fu-

568 1309 691 1354 cata
709 1302 960 1363 oratione,
981 1302 1152 1366 eloqui
1174 1309 1232 1351 et
1261 1302 1494 1368 proferre
1518 1317 1633 1366 pos-

567 1376 848 1440 sin—Hic]
885 1377 971 1426 Ob
993 1378 1109 1441 boc,
1130 1379 1212 1427 vel
1245 1378 1311 1428 ob
1344 1379 1475 1428 banc
1510 1393 1632 1428 cau-

566 1468 695 1504 sam.
729 1454 899 1505 Dubia.
940 1452 1265 1517 Aliilegunt,
1285 1454 1387 1511 lois,-
1410 1452 1494 1502 Ad
1511 1454 1632 1517 ista,

568 1530 633 1579 ad
659 1528 1025 1580 declarandum
1047 1542 1214 1579 meum
1243 1530 1295 1577 in
1327 1536 1381 1578 te
1405 1529 1631 1578 animum

564 1612 620 1655 ct
631 1605 888 1668 judicium
914 1604 980 1653 de
1007 1612 1077 1655 te.
1147 1604 1349 1655 Camb.

631 1685 694 1730 27
728 1681 946 1741 Sinam,
965 1682 1072 1744 &eq
1106 1680 1224 1730 Hoc
1258 1687 1357 1738 est,
1378 1681 1444 1730 In
1473 1680 1630 1731 omni·

564 1755 658 1805 bus
704 1756 861 1805 etiam
898 1756 1089 1805 intimis
1121 1757 1277 1806 animi
1321 1756 1628 1806 recessibus.

567 1829 980 1892 Casuum—Fixi]
1005 1831 1269 1896 Firmiter,
1289 1838 1346 1882 et
1365 1845 1627 1895 nunquam

561 1906 682 1955 inde
704 1905 1094 1970 exstirpandum
1117 1907 1323 1956 inserui.
1387 1905 1562 1956 laun.

625 1987 691 2033 28
745 1984 884 2046 Voce,
925 1983 1034 2048 asa]
1097 1984 1349 2047 Candida,
1407 1984 1624 2033 sincera.

562 2059 804 2123 Respicit
843 2060 910 2109 ad
954 2061 1080 2110 illud
1127 2060 1381 2124 superius,
1426 2062 1443 2088 ‘
1469 2059 1624 2122 pictae

565 2136 789 2185 tectoria
810 2135 1032 2200 linguae?
1065 2136 1530 2199 laabim—stolum,
1560 2135 1626 2184 Iu

561 2211 824 2273 publicum
848 2210 1106 2275 proferam
1142 2218 1196 2262 et
1230 2212 1399 2275 palam
1420 2211 1623 2262 faciam.

558 2286 767 2335 Trahere
799 2302 894 2350 pro
927 2287 1118 2337 dicere.
1156 2288 1621 2338 cannabe-Tetus-

557 2378 666 2426 que,
689 2363 794 2427 ha]
817 2363 881 2412 Id
904 2369 1005 2425 est,
1022 2365 1331 2414 Universum
1353 2363 1449 2415 boc
1466 2379 1622 2430 quan-

557 2444 667 2488 tum
701 2448 951 2504 quantum
985 2440 1438 2505 εει-Βώρου]
1480 2441 1623 2506 Ape-

554 2514 707 2576 riant,
742 2529 809 2564 ex
849 2523 1032 2579 operto
1075 2517 1128 2566 in
1172 2523 1411 2581 apertum
1449 2516 1620 2581 profe-

556 2598 693 2642 rant.
759 2591 931 2642 Lubin.

619 2671 686 2717 29
743 2669 903 2733 Quod]
956 2669 1018 2718 In
1062 2670 1259 2721 arcanis
1301 2669 1473 2720 cordis
1517 2670 1620 2719 mei

555 2748 932 2809 penetralibus,
955 2756 1010 2798 et
1043 2748 1236 2812 jecoris
1270 2749 1435 2811 fibris,
1465 2750 1617 2811 latet,

553 2829 611 2872 et
629 2823 987 2873 absconditum
1010 2831 1090 2873 est
1110 2841 1123 2874 ε
1147 2827 1374 2889 quamvis
1398 2826 1449 2875 id
1474 2826 1617 2875 nulla

551 2899 801 2947 orationis
831 2899 911 2948 vis
936 2900 1096 2962 possit
1119 2901 1427 2963 exprimere.
1478 2902 1617 2952 Quo-

552 2974 695 3023 circa
729 2989 821 3023 m
853 2976 1116 3025 enarrabile
1137 2977 1285 3038 dicit,
1307 2977 1613 3039 magnitudi-

550 3062 667 3099 nem
692 3052 881 3099 amoris
898 3053 1205 3115 exprimens.
1277 3054 1427 3102 Iden.

614 3130 678 3175 ⁸⁰
718 3127 802 3187 Ut,
823 3127 928 3190 ξω]
966 3128 1229 3176 Hactenus
1260 3128 1401 3192 quasi
1426 3126 1611 3192 praefa·

550 3199 625 3249 tio
661 3205 718 3248 et
762 3201 1023 3262 praelusio,
1062 3216 1164 3266 qua
1203 3217 1426 3252 amorem
1463 3218 1609 3253 sunm

546 3289 674 3339 erga
707 3275 988 3324 Cornutum
1030 3285 1405 3341 praeceptorem
1438 3279 1610 3330 decla·

545 3350 700 3399 ravit.
762 3351 880 3402 Jam
916 3350 1064 3413 liujus
1100 3353 1281 3401 amoris
1315 3368 1495 3403 causas
1517 3369 1608 3403 ex·

546 3427 727 3490 plicat,
753 3435 808 3476 et
833 3427 1088 3477 beneficia
1111 3429 1324 3478 Cornuti
1349 3430 1399 3478 in
1423 3445 1479 3480 sc
1503 3431 1607 3480 col-

543 3503 652 3553 lata
678 3511 961 3552 enumerat.
1019 3504 1288 3553 Describit
1304 3514 1474 3555 autem
1501 3507 1605 3569 pri·

541 3594 626 3629 mo
651 3588 872 3645 tempus,
909 3595 1010 3645 quo
1050 3596 1104 3629 se
1143 3583 1456 3645 praeccptori
1480 3584 1605 3632 Cor·

540 3663 667 3705 nuto
692 3655 1068 3705 instituendum
1094 3655 1603 3720 “widin—Pavido]

541 3729 630 3780 Ob
674 3740 900 3794 aetatem,
944 3739 1157 3794 metum,
1186 3739 1241 3779 et
1279 3733 1599 3795 magistrum.

539 3806 676 3855 Nam
701 3808 763 3857 ad
789 3823 976 3857 annum
1002 3807 1172 3856 aetatis
1195 3810 1274 3855 1⁴.
1311 3820 1471 3869 usque
1503 3805 1599 3854 sub

537 3879 809 3944 disciplina
835 3884 1175 3946 praeceptoris
1202 3891 1363 3931 erant.
1427 3878 1597 3931 lubin.

536 3956 791 4017 -Custos‚
813 3959 917 4020 qa]
957 3959 1178 4010 Quando
1205 3961 1424 4020 primum
1450 3960 1597 4022 posui

531 4046 809 4096 purpuram,
849 4036 897 4082 id
940 4045 1037 4094 est,
1071 4046 1238 4099 togam
1266 4045 1597 4099 praetextam,

534 4124 652 4173 quae
696 4124 855 4172 puero
900 4112 1039 4171 mibi,
1087 4128 1179 4175 pro
1220 4113 1435 4162 custode
1481 4110 1593 4161 fuit.

532 4186 612 4235 Ea
632 4186 766 4234 enim
790 4187 946 4236 vestis
969 4201 1113 4236 sacra
1137 4186 1438 4249 habebatur,
1458 4186 1595 4238 dice·

531 4259 785 4326 baturque
823 4260 855 4324 ἣ
896 4261 997 4327 ἱερὰ
1035 4260 1194 4321 ἐσθής.
1283 4263 1458 4317 Quare
1500 4264 1592 4331 qui

1283 383 1500 439 ⁸0⁹1·AE
1548 390 1588 437 V
1600 388 1956 439 Amoavu
2005 387 2088 436 m

1714 543 1945 595 purpura
1985 528 2291 592 utebantur,
2320 543 2386 581 eo
2417 528 2530 594 ipso
2568 527 2779 580 nos-iae

1714 607 2035 657 venerabiles
2057 614 2112 655 et
2132 607 2299 656 sancti
2325 607 2682 657 habebantur:
2715 613 2781 657 nt

1711 684 1754 733 si
1777 684 1890 748 quis
1913 684 2244 733 contumeliae
2264 698 2425 733 cansa
2452 698 2682 747 purpura
2701 685 2784 732 in-

1710 758 1927 821 signitos
1974 765 2332 819 attrectasset,
2376 772 2476 807 uon
2511 758 2780 808 bominum

1710 838 1928 894 tantum,
1951 833 2044 883 sed
2067 840 2124 882 et
2152 834 2383 883 Deorum
2407 834 2528 897 jura
2556 836 2780 885 violasse

1709 907 2111 971 intelligeretur.
2150 908 2351 958 Casoab.
2417 909 2779 959 Prisce-staats-

1708 991 1814 1034 tem
1837 993 1951 1034 erat
1974 1000 2135 1049 genus
2158 987 2453 1036 vestimenti
2475 987 2775 1051 oblongum,

1706 1068 1764 1110 et
1787 1062 1966 1119 talare,
1995 1061 2133 1126 qnod
2163 1062 2445 1110 nobiliores
2484 1063 2631 1126 pueri
2654 1077 2777 1112 cuns

1707 1137 1851 1187 bulla
1888 1137 2154 1200 gerebant,
2179 1136 2244 1186 ad
2277 1151 2466 1186 annum
2490 1138 2664 1186 aetatis
2690 1142 2777 1187 16.

1704 1215 1952 1278 -Cessitj
1985 1214 2151 1277 Abiit,
2192 1213 2433 1275 deposita
2465 1222 2566 1275 est,
2597 1215 2773 1264 locun

1705 1289 1835 1338 dans
1859 1289 1992 1339 virili
2014 1296 2170 1352 togoe.
2225 1287 2359 1337 Vide
2394 1289 2634 1339 Macrob.
2657 1290 2773 1341 Sat.

1706 1377 1747 1415 1.
1770 1371 1820 1415 6.

1768 1446 1829 1491 ⁸1
1866 1441 2127 1506 Bellaque]
2162 1441 2292 1489 Erat
2325 1439 2464 1490 bulla
2501 1455 2659 1490 aurea
2690 1441 2772 1491 in-

1700 1516 1848 1580 signe
1871 1531 2150 1580 puerorum
2182 1523 2638 1580 praetextatorum,
2654 1532 2772 1567 cor·

1703 1592 1782 1641 dis
1823 1591 2041 1656 figuram
2087 1591 2328 1653 referens,
2357 1593 2513 1657 inque
2550 1602 2772 1656 pectore

1701 1668 2020 1732 dependens.
2086 1670 2216 1718 Cum
2247 1676 2423 1718 autem
2455 1677 2770 1732 praetextam

1700 1745 2033 1808 deponebant
2075 1759 2208 1794 anno
2254 1750 2333 1795 16.
2381 1746 2573 1806 etatis,
2631 1747 2769 1798 hanc

1698 1820 1890 1870 bullam
1925 1820 2044 1870 Diis
2078 1820 2374 1872 domesticis
2406 1831 2767 1874 consecratam

1697 1896 1935 1946 solebant
1976 1895 2225 1962 adfigere,
2270 1906 2331 1947 ut
2368 1899 2594 1962 virgines
2639 1916 2771 1965 unp-

1699 1978 1829 2021 tnroe
1864 1986 2027 2036 pupas
2062 1988 2179 2021 suas
2200 1974 2765 2041 Veneri—Succendit,

1695 2050 1804 2112 ξω]
1838 2050 1972 2101 Quia
2005 2050 2212 2100 Gabino
2242 2050 2444 2112 habitu,
2475 2052 2766 2117 cinctuque

1698 2126 1793 2175 Dii
1844 2125 2071 2176 Penates
2110 2124 2482 2192 formabantur,
2528 2128 2764 2179 obvoluti

1699 2209 1817 2265 toga
1839 2216 1995 2267 snper
2026 2203 2291 2252 humerum
2325 2204 2614 2266 sinistrum,
2636 2206 2766 2254 dex-

1698 2286 1781 2330 tro
1804 2281 1959 2331 nudo.
2035 2282 2137 2331 Vet-
2161 2281 2635 2348 Sem—Succinctus]
2667 2287 2765 2336 Ca·

1694 2358 1818 2407 nina
1839 2360 1977 2422 pelle
1996 2360 2179 2409 velatis
2200 2367 2257 2410 et
2283 2362 2582 2423 succinctis,
2602 2377 2763 2425 supra

1692 2435 1959 2486 humerum
1999 2435 2277 2500 sinistrum,
2321 2437 2509 2488 dextro
2548 2440 2760 2490 humero

1694 2511 1850 2562 nudo.
1915 2513 2085 2563 Lubia-

1758 2592 1822 2637 ⁸2
1859 2589 1998 2652 Cum,
2019 2590 2122 2654 asa]
2157 2591 2286 2640 Cum
2321 2598 2672 2643 assentatores
2701 2601 2758 2644 et

1693 2664 1909 2725 similes,
1930 2665 2181 2727 juvenum
2220 2667 2384 2715 latera
2423 2667 2637 2731 cingere
2677 2684 2760 2719 ao·

1692 2738 1820 2799 lent,
1840 2740 2036 2789 nudata
2074 2755 2105 2787 a
2145 2740 2455 2804 paedagogis,
2485 2744 2575 2807 qui
2604 2754 2757 2796 erant

1691 2817 1903 2866 comites
1940 2816 2442 2881 ingrati—Totaque,
2470 2820 2578 2883 ζα]
2624 2822 2757 2872 Cum

1691 2898 1813 2954 toga
1845 2892 2010 2942 libera
2047 2903 2103 2943 et
2142 2894 2300 2942 virilis
2337 2904 2623 2959 assumpta,
2662 2898 2757 2947 dat

1690 2974 2020 3030 potestatem,
2054 2971 2234 3031 amori,
2257 2971 2297 3018 si
2334 2971 2407 3018 ita
2449 2971 2651 3034 lubeat,
2675 2975 2754 3022 in-

1686 3044 1956 3108 dulgendi:
1981 3053 2037 3094 et
2060 3052 2171 3096 toto
2192 3048 2281 3095 illo
2304 3045 2481 3095 infami
2504 3049 2754 3099 Suburrae

1685 3123 1820 3185 vico,
1840 3123 2106 3187 quaerendi
2143 3123 2381 3172 Lesbiam
2416 3126 2642 3188 aliquam
2668 3128 2754 3176 vel

1685 3198 1917 3248 Laidem.
1959 3199 2158 3250 Cussab.
2205 3201 2363 3249 Turn.
2405 3213 2503 3249 xx.
2546 3202 2753 3252 l.—&-

1684 3273 1849 3339 bam]
1879 3275 2042 3324 Vicus
2078 3278 2255 3326 Romae
2286 3278 2339 3325 in
2368 3278 2583 3342 antiqua
2621 3281 2749 3329 urbe

1683 3349 2045 3409 nobilissimus,
2087 3353 2175 3401 ubi
2214 3355 2546 3403 meretricum
2579 3356 2750 3405 diver·

1682 3426 1804 3474 sorii
1843 3435 2013 3488 erant,
2059 3442 2175 3492 quae
2220 3428 2302 3477 liic
2340 3428 2633 3480 Sabura-e
2670 3431 2748 3482 di-

1681 3510 1885 3553 cuntur.
1920 3504 2094 3553 Labi».

1743 3583 1803 3629 ³³
1843 3582 2086 3629 Candidus
2105 3579 2262 3642 umbo]
2285 3583 2634 3642 Ξυνεωδοχικιῖι
2647 3598 2742 3647 pro

1679 3662 1817 3719 toga.
1889 3655 2132 3721 Alioquin
2169 3664 2220 3705 et
2262 3656 2313 3705 iu
2338 3666 2605 3720 praetexta
2624 3675 2743 3709 can·

1678 3730 1826 3779 didus
1846 3732 1998 3781 umbo
2023 3739 2121 3781 est.
2184 3733 2291 3781 Vct.
2313 3732 2742 3784 Sem—Candidas

1675 3807 1834 3869 ambo]
1856 3809 1999 3872 Toga
2025 3808 2178 3857 virilis
2201 3809 2322 3856 alba
2344 3817 2461 3858 erat
2484 3809 2599 3858 sine
2622 3824 2740 3875 por·

1678 3898 1822 3946 pura.
1897 3885 2043 3933 Umbo
2079 3891 2222 3947 εοεαε,
2254 3892 2339 3933 est
2368 3892 2611 3935 centrum
2644 3888 2740 3950 pli-

1674 3974 1849 4009 carum
1888 3961 1941 4007 in
1975 3968 2126 4023 toga:
2175 3962 2248 4009 sic
2280 3961 2416 4008 enim
2456 3961 2741 4011 lautiorum

1674 4043 1799 4098 toga
1835 4036 2258 4096 componebatur,
2288 4042 2344 4082 ut
2380 4044 2667 4098 corrugata
2686 4037 2739 4087 iu

1671 4113 1829 4160 multa
1852 4109 2128 4172 wiquerii,
2150 4111 2325 4174 clypei
2355 4112 2589 4175 speciem
2611 4127 2742 4178 pre·

1674 4186 1854 4237 beret:
1889 4188 2037 4249 cujus
2060 4197 2298 4237 centrum
2323 4190 2536 4252 proprie
2559 4190 2740 4255 appel-

1666 4263 1803 4314 latur
1844 4263 2344 4333 mom—Spania«,
2383 4266 2495 4332 esa]
2545 4268 2739 4321 omi·
