3050 4913
1133 401 1225 448 m·
1264 400 1704 451 vssltnomm.

368 544 501 593 Cato
535 541 725 593 tertius
760 556 792 592 e
824 540 961 592 coelo
982 541 1180 592 cecidit
1215 543 1272 608 ii,
1301 548 1367 593 40

299 607 458 657 durus
479 609 550 668 xi,
567 613 636 656 90

365 673 514 721 Catti
536 673 774 734 torvique
790 670 1052 720 Sicambri
1074 672 1145 736 iv,
1167 678 1261 723 147

365 738 574 786 Catulla
594 738 652 798 ii,
671 740 752 785 49.
820 751 874 798 x,
895 739 994 785 322

365 801 604 850 Catullus
623 801 815 849 amicus
828 800 1113 863 juvenalis,
1134 802 1221 865 qui
1239 809 1366 852 tem·

296 873 506 940 pestate
530 866 779 914 saeviente
802 866 974 913 omnia
1009 865 1062 912 in
1085 880 1224 915 mare
1250 882 1367 930 pro-

292 930 443 992 jecit,
457 936 514 979 et
532 930 620 978 cui
637 929 796 992 poeta
811 928 877 977 de
894 929 1065 977 reditu
1083 932 1368 992 gratulatur

298 994 390 1054 xii,
416 1000 441 1042 1
463 1009 544 1057 sq.
578 998 645 1042 29
666 1009 742 1057 sq.
810 993 1007 1043 Catulli
1033 995 1242 1056 phasma
1264 995 1369 1059 viii,

303 1061 395 1106 186
463 1058 652 1106 urbani
673 1056 921 1120 fugitivus
941 1072 1123 1106 scurra
1145 1060 1254 1120 xiii,
1273 1064 1365 1110 111

301 1123 509 1171 Catullo
543 1136 663 1171 cum
702 1119 972 1171 mortifero
1008 1122 1233 1185 prudens
1267 1124 1369 1172 Ve-

295 1187 437 1236 iento
461 1187 534 1246 iv,
563 1190 657 1234 ns

362 1250 587 1299 Catulus
610 1257 666 1298 et
685 1248 926 1298 Artorius
947 1251 1120 1299 vivant
1146 1251 1262 1301 istic
1296 1252 1370 1315 iii,

298 1319 362 1363 30
427 1315 634 1363 Catulis
657 1315 957 1377 generosior
977 1315 1031 1376 ii,
1055 1320 1148 1363 146

363 1378 537 1427 Cavat
575 1378 799 1427 assiduis
838 1378 1051 1427 sudibus
1089 1381 1257 1443 palum
1300 1381 1370 1444 vi,

363 1506 548 1556 Gauda
607 1507 841 1570 magistri
892 1507 1182 1570 citharoedi,
1224 1509 1276 1556 h.
1318 1524 1366 1558 e.

300 1571 563 1631 Chironis,
588 1571 671 1619 cui
692 1586 796 1619 non
819 1579 946 1620 tunc
980 1572 1132 1620 risum
1157 1572 1372 1623 eliceret

299 1636 386 1696 vii,
406 1640 507 1684 212
557 1650 664 1699 qua
685 1635 912 1698 despicit
933 1636 1171 1684 convivia
1191 1637 1374 1700 squilla

297 1714 329 1749 v
377 1703 444 1747 82

330 1735 346 1763 ’
363 1764 544 1813 Cavea
562 1763 729 1812 leonis
750 1764 855 1822 xiv,
874 1762 970 1813 247

365 1830 546 1877 Caveo
569 1828 842 1877 convivam
861 1828 1136 1890 superbum
1159 1830 1232 1890 xi,
1277 1835 1372 1879 130

303 1899 457 1942 cavet
473 1894 613 1941 hunc
627 1896 679 1954 3,
697 1897 792 1941 283
828 1892 1059 1941 brumam
1083 1892 1370 1959 famemque

303 1956 390 2004 illa
412 1968 556 2006 reste
579 1958 686 2018 xiv,
701 1961 798 2005 274
844 1957 1067 2019 cavebis,
1083 1965 1138 2007 et
1155 1967 1371 2021 metues,

305 2034 369 2068 ne
405 2029 515 2071 cet.
564 2021 672 2078 viii,
711 2026 775 2070 37
842 2029 1026 2071 cautus
1065 2022 1370 2086 circumagit

305 2085 547 2134 cohortes
573 2085 661 2147 vii,
685 2089 778 2134 163
846 2084 1059 2134 Atrides
1081 2086 1150 2145 vi,
1176 2091 1269 2136 661

371 2149 498 2198 Cari
533 2147 687 2197 folles
721 2150 970 2199 immensa
1000 2151 1198 2213 spirant
1229 2166 1370 2202 men—

303 2212 454 2262 dacia
475 2213 569 2276 vii,
592 2218 685 2263 111

367 2278 564 2327 Caules
587 2293 627 2328 s.
652 2278 831 2328 Cauiis
871 2279 1067 2327 miseris
1106 2285 1263 2345 atque
1297 2282 1371 2346 ig·

304 2342 381 2390 nis
405 2342 658 2391 emendus
677 2344 715 2404 i,
737 2347 831 2392 134
898 2344 1140 2407 pallidus,
1158 2347 1244 2410 qui
1265 2349 1375 2396 olet

305 2406 581 2469 laternam,
621 2406 718 2455 tibi
754 2408 942 2459 misero
963 2406 1180 2460 affertur
1222 2425 1271 2472 ν,
1306 2416 1370 2462 87

305 2472 542 2521 caulibus
566 2479 624 2521 et
647 2473 812 2534 pomis
848 2474 971 2522 olim
1010 2488 1158 2523 nemo
1204 2475 1372 2525 furem

309 2535 527 2585 tnncbat
552 2537 623 2598 vi,
648 2541 709 2585 18

369 2600 556 2665 Caupo
578 2601 843 2663 proximus
876 2601 948 2663 ix,
984 2607 1078 2652 108
1142 2618 1373 2668 catipone

305 2665 488 2714 relicto
509 2665 664 2713 nubit
686 2681 810 2729 saga
828 2668 1072 2717 vendenti
1092 2669 1161 2730 vi,
1181 2673 1270 2717 691

367 2729 543 2778 Causa
576 2728 689 2778 fere
727 2731 999 2793 nulla.est,
1034 2733 1086 2781 in
1128 2747 1229 2797 qua
1271 2748 1376 2783 non

307 2789 521 2842 soemina
551 2793 696 2844 litem
727 2795 953 2845 moverit
979 2797 1050 2858 vi,
1082 2801 1180 2846 242
1245 2796 1377 2847 i'acit

307 2869 416 2905 rem
437 2858 740 2909 dissimilem
770 2859 878 2919 viii,
909 2864 1005 2909 216
1073 2862 1278 2910 vivendi
1311 2863 1375 2912 iis

305 2920 358 2968 in
380 2922 496 2971 solo
518 2922 700 2985 palato
715 2929 796 2972 est
811 2924 883 2983 xi,
901 2929 960 2973 11
1027 2927 1212 2975 mentis
1226 2928 1374 2976 malae

307 2994 362 3034 et
384 2987 533 3048 origo
556 3001 717 3050 penes
755 2994 810 3036 te
844 2988 948 3051 xiv,
982 2992 1082 3038 220
1160 2992 1285 3040 mali
1321 2998 1376 3041 et

305 3048 622 3099 discriminis
659 3052 763 3112 xiv,
794 3056 893 3101 290
955 3053 1115 3116 justae
1139 3052 1376 3104 defertur

307 3116 540 3178 querelas
564 3115 673 3176 xvi,
698 3120 759 3164 19
814 3117 962 3180 justa
992 3116 1181 3167 doloris
1203 3120 1273 3179 ix,
1309 3124 1375 3169 90

308 3192 478 3228 causa.-
526 3181 679 3229 malae
721 3194 840 3229 cum
896 3195 1084 3245 magna
1138 3192 1377 3259 superest

308 3242 549 3305 audacia,
564 3243 799 3293 creditur
817 3260 846 3293 a
865 3246 1040 3295 multis
1055 3245 1245 3297 fiducia
1264 3249 1377 3311 xiii,

309 3310 406 3357 109
471 3309 732 3357 scelerum
774 3310 895 3359 inde
934 3311 1040 3371 xiv,
1075 3316 1167 3361 173
1233 3314 1377 3362 color

305 3378 364 3420 et
387 3386 558 3434 genus
593 3373 731 3437 quod
774 3374 843 3423 sit
881 3373 971 3435 vii,
1013 3380 1104 3424 166
1170 3391 1378 3426 causam

305 3437 598 3499 ancipitem
621 3451 714 3485 seu
736 3451 922 3501 magno
945 3439 1238 3489 discrimine
1261 3457 1378 3505 pro-

308 3506 493 3563 tegere
519 3502 591 3565 xi,
621 3505 684 3551 32
750 3501 973 3552 dicentis
994 3505 1144 3553 amici
1174 3506 1379 3568 plorare

307 3577 376 3611 xv
435 3568 534 3614 134
601 3580 784 3615 causas
827 3567 905 3616 liis
944 3567 1068 3617 alias
1109 3575 1166 3618 et
1209 3570 1381 3633 plures

312 3642 373 3675 su
448 3637 631 3678 ectere
665 3630 741 3693 iii,
776 3635 871 3681 316
939 3631 1059 3681 hinc
1080 3632 1307 3685 habuere
1328 3650 1382 3696 x,

311 3694 409 3768 378
477 3694 691 3744 vivendi
712 3696 934 3757 perdere
972 3705 1188 3774 propter
1219 3700 1382 3748 vitam

312 3769 422 3830 yut,
446 3761 513 3806 84
579 3772 674 3822 age
694 3760 938 3837 :rival-92
1004 3775 1198 3825 agimus
1229 3764 1282 3825 ii,
1316 3770 1379 3813 61

307 3822 891 3949 fflfflfflff‘vffi:
914 3829 1022 3938 4¹3⁷
1044 3826 1385 3943 missili&

320 3962 378 4009 a,
415 3955 513 3999 140
589 3954 759 4002 causis
801 3954 956 4002 nullis
993 3954 1255 4005 interdum
1290 3963 1382 4006 aut

321 4012 517 4062 levibus
536 4013 812 4093 flagrantia
834 4019 1125 4081 praecordia
1147 4020 1256 4082 xiii,
1288 4026 1382 4071 182

389 4078 640 4130 causidici
662 4082 837 4145 pusilli
856 4083 1104 4146 sanguine
1124 4099 1382 4162 nunqnam

322 4142 628 4194 maduerunt
652 4153 820 4195 rostra
859 4161 915 4208 x,
962 4152 1051 4196 121
1119 4150 1381 4199 causidico

325 4210 384 4252 et
406 4216 617 4268 patrum
638 4219 892 4274 quantum
919 4210 1126 4262 licuerit
1145 4214 1272 4263 dare
1296 4215 1383 4275 vii,

329 4271 422 4319 124
475 4272 604 4323 lasso
617 4274 921 4340 (etvictori)
934 4274 1164 4341 figuntur
1176 4278 1384 4346 virides,

2385 390 2510 455 xxi

1441 544 1695 594 scalarum
1715 544 1896 608 gloria,
1913 544 2101 608 palme
2118 542 2212 607 vii,
2228 548 2325 594 118
2388 558 2508 595 cau-

1443 609 1659 658 sidicum
1682 623 1909 672 purpura
1929 615 1985 659 et
2008 609 2353 672 amethystina
2385 623 2507 658 ven-

1442 673 1602 733 dunt;
1652 674 1894 723 convenit
1936 673 2036 721 illis
2074 679 2129 722 et
2174 674 2416 737 strepitu,
2448 681 2507 724 et

1442 734 1578 786 facie
1613 737 1820 800 majoris
1856 738 2031 787 vivere
2072 751 2251 786 census
2288 738 2378 799 vii,
2410 742 2506 788 130

1443 816 1521 864 sq.
1560 801 1936 851 causidicorum
1952 802 2210 851 nutricula
2225 799 2402 851 Africa
2414 802 2505 864 vii,

1445 869 1539 915 148
1614 873 1826 916 centum
1864 866 2172 930 patrimonia
2208 866 2328 916 hinc
2369 881 2505 929 pone

1441 937 1544 978 cet,
1569 930 1656 989 vii,
1680 934 1772 978 113
1838 929 2124 980 causidicos
2140 930 2313 980 Gallia
2330 930 2508 981 docuit

1442 993 1668 1043 facunda
1686 995 1961 1044 Britannos
1982 1009 2067 1057 xv,
2090 999 2179 1044 111
2232 995 2506 1045 causidicis

1444 1059 1566 1123 quid
1590 1066 1842 1122 praestant
1858 1059 2035 1108 civilia
2052 1057 2222 1108 officia
2242 1059 2333 1122 vii,
2356 1063 2450 1110 100

1508 1123 1811 1186 Cecropiam
1835 1124 2053 1188 Cotytto
2074 1123 2127 1184 ii,
2148 1127 2212 1172 92

1445 1251 1489 1300 c
1508 1188 1820 1250 Cecropides
1842 1203 1942 1251 ego
1963 1188 2069 1251 viii,
2101 1191 2168 1237 46
2230 1186 2301 1237 nil
2333 1193 2389 1237 tu
2410 1188 2508 1239 nisi

1494 1285 1507 1299 .
1530 1252 1636 1311 viii,
1657 1256 1718 1301 63

1510 1316 1761 1379 Cecropis
1781 1331 1924 1366 mera
1939 1315 2003 1367 de
2021 1316 2344 1366 Sulmonensi
2361 1314 2507 1367 facta

1444 1385 2012 1497 esgssilsznctumnus
2070 1445 2270 1510 pruinis
2329 1444 2401 1507 iv,
2440 1448 2506 1494 66

1446 1509 1598 1557 turba
1632 1509 1706 1569 iii,
1746 1514 1861 1560 239.
1909 1512 1979 1573 iv,
2012 1513 2077 1560 63
2142 1509 2381 1573 honorii,
2413 1512 2506 1559 110

1447 1573 1617 1636 patria
1635 1573 1707 1633 iii,
1739 1578 1805 1623 29
1858 1574 2130 1637 jugeribus
2152 1575 2208 1634 ii,
2230 1579 2320 1623 131
2390 1571 2507 1623 soro

1447 1637 1519 1697 xi,
1542 1642 1606 1684 ⁵⁰
1671 1639 1759 1685 uni
1788 1638 2015 1687 Homero
2032 1638 2122 1699 vii,
2146 1643 2209 1687 38
2262 1637 2508 1687 structori

1447 1701 1610 1748 omnis
1631 1704 1845 1764 pergula
1866 1703 1938 1762 xi,
1957 1706 2052 1750 136
2117 1702 2337 1751 barbara
2356 1701 2510 1751 turba

1448 1778 1553 1811 non
1593 1763 1786 1814 famoso
1833 1767 2043 1829 Canopo
2081 1764 2284 1814 luxuria
2318 1780 2404 1824 xv,
2443 1768 2511 1814 48

1446 1842 1550 1877 non
1588 1829 1726 1877 cedit
1767 1831 1990 1879 Veiento
2024 1830 2093 1891 iv,
2140 1834 2231 1879 123
2315 1829 2510 1878 cedunt

1446 1893 1766 1956 grammatici
1807 1894 1879 1958 vi,
1929 1897 2027 1943 438
2115 1894 2200 1943 cui
2261 1899 2510 1957 tympana

1445 1957 1652 2020 plebeia
1673 1958 1740 2018 vi,
1767 1964 1861 2008 616

1511 2021 1674 2084 Cedo,
1694 2023 1736 2069 si
1760 2023 1916 2072 breve
1939 2029 2020 2072 est
2043 2028 2148 2072 cet.
2187 2022 2260 2083 vi,
2304 2026 2399 2070 604
2466 2021 2509 2070 si

1445 2092 1635 2135 conata
1673 2089 1875 2152 peregit
1906 2088 2014 2151 xiii,
2054 2090 2151 2137 210
2218 2086 2385 2150 agello
2419 2100 2509 2150 pa·

1445 2158 1599 2199 terno
1621 2151 1693 2211 vi,
1714 2157 1776 2202 67

1510 2214 1693 2264 Celadi
1718 2217 1909 2280 gremio
1933 2216 2021 2278 vii,
2042 2220 2137 2265 216

1513 2279 1724 2328 Celaeno
1745 2288 1933 2330 cuncta
1966 2294 2062 2343 per
2101 2278 2297 2343 oppida
2334 2279 2507 2328 curvis

1446 2343 1702 2456 ungulilggs
1741 2345 1817 2394 ire
1853 2351 2005 2409 parat
2038 2358 2268 2393 nummos
2298 2350 2512 2408 raptura

1446 2422 1555 2470 vm,

1514 2473 1700 2523 Celare
1723 2474 1832 2523 boec
1865 2480 2121 2523 memento
2143 2473 2239 2522 tibi
2259 2472 2353 2521 soli
2375 2486 2513 2521 com·

1449 2537 1600 2586 missa
1620 2538 1693 2600 ix,
1715 2543 1779 2588 93

1517 2602 1762 2652 Celebres
1785 2602 1996 2667 notique
2017 2601 2189 2665 poetae
2207 2600 2296 2661 vii,
2317 2602 2347 2647 3

1516 2666 1827 2717 Celebretur
1870 2674 2063 2731 quanto
2102 2664 2243 2715 fumo
2281 2664 2515 2727 sportula

1450 2729 1528 2790 iii,
1547 2734 1647 2779 249
1710 2732 1974 2781 celebrare
2003 2730 2205 2780 solebas
2224 2727 2397 2779 fanum
2418 2726 2516 2777 Isi-

1452 2793 1534 2843 dis
1554 2801 1655 2844 cet.
1678 2796 1731 2844 ix
1770 2800 1832 2845 26

1517 2860 1692 2908 Celeri
1714 2833 1853 2923 *²113ae
1872 2866 2020 2922 terga
2038 2867 2288 2923 praestare
2326 2872 2414 2915 ιν,
2448 2860 2511 2907 76

1449 2924 1648 2972 celeres
1671 2925 1841 2974 Mauri
1862 2925 1933 2987 xi,
1956 2930 2048 2974 126

1517 2986 1667 3036 Cella
1702 2989 1753 3037 in
1793 3003 1954 3053 parva
2006 2988 2240 3038 sublimia
2287 2986 2514 3035 carmina

1449 3048 1579 3099 facis
1620 3052 1708 3115 vii,
1740 3056 1804 3101 28
1870 3058 2016 3102 arcta
2056 3069 2097 3103 s.
2136 3054 2246 3101 alta
2266 3051 2515 3101 Chionen!

1453 3114 1713 3165 deducere
1728 3116 1802 3176 iii,
1817 3120 1911 3165 136
1943 3118 2123 3165 cellam
2133 3130 2345 3165 vacuam
2358 3122 2523 3179 atque

1453 3188 1595 3228 suam
1614 3181 1828 3230 intravit
1850 3181 1902 3229 in
1925 3181 2161 3243 lupanari
2187 3181 2254 3246 vi,
2277 3184 2371 3229 122
2436 3179 2513 3228 ul-

1455 3244 1579 3294 tima
1602 3245 1791 3294 clausit
1812 3245 1878 3307 vi,
1903 3250 1997 3295 128

1519 3309 1658 3358 Celsi
1674 3311 1928 3359 Praetoris
1944 3310 2051 3359 ludi
2075 3309 2185 3371 vm,
2202 3312 2297 3358 194

1519 3374 1694 3437 Celso,
1734 3376 1942 3436 oratori,
1999 3374 2306 3438 principium
2356 3377 2516 3436 atque

1453 3438 1596 3488 locos
1618 3439 1818 3488 dictare
1879 3446 2038 3488 aratae
2061 3439 2300 3487 mulieres
2322 3437 2390 3498 vi,
2418 3439 2512 3483 246

1518 3504 1715 3553 Censes
1735 3505 1821 3568 qui
1860 3518 1977 3552 uam
2001 3504 2071 3565 iv,
2094 3507 2188 3551 130
2254 3507 2306 3550 te
2324 3513 2519 3564 ponen-

1455 3566 1577 3617 dum
1616 3574 1719 3617 cet.
1760 3568 1870 3626 xiii,
1901 3570 1997 3618 140
2078 3565 2362 3616 censebunt
2397 3570 2519 3627 post

1455 3632 1587 3681 hanc
1632 3639 1789 3681 aetate
1827 3639 1982 3695 atque
2026 3637 2137 3679 arte
2180 3631 2403 3678 minores
2446 3628 2518 3691 vi,

1457 3701 1555 3744 600
1621 3696 1822 3744 censeri
1855 3695 2104 3757 sanguine
2142 3695 2297 3769 longo
2339 3692 2447 3758 viii,
2483 3697 2516 3743 2

1458 3766 1512 3809 te
1533 3759 1688 3808 laude
1707 3766 1911 3808 tuorum
1935 3758 2182 3807 noluerim
2201 3758 2311 3819 vuli,
2332 3762 2396 3809 74

1523 3824 1721 3873 Censor
1740 3823 2006 3872 Fabricius
2022 3829 2169 3872 notet
2183 3823 2254 3886 ix,
2279 3827 2375 3874 142
2434 3823 2520 3887 ju-

1458 3887 1562 3936 dex
1583 3902 1797 3948 morum,
1838 3887 2130 3951 Imperator
2164 3888 2234 3950 iv,
2271 3893 2334 3938 12
2399 3902 2518 3937 cen-

1456 3953 1586 4001 soris
1616 3953 1693 4001 ira
1730 3952 1937 4016 dignum
1980 3952 2101 4015 quid
2133 3951 2262 4002 fecit
2297 3953 2407 4015 xiv,
2449 3956 2516 4001 60

1457 4031 1665 4067 severos
1696 4030 1861 4066 mores
1883 4017 2038 4067 etiam
2078 4019 2275 4081 collega
2310 4018 2518 4066 timeret

1455 4081 1529 4140 xi,
1545 4085 1609 4130 92
1640 4115 1645 4121 -
1674 4096 1884 4132 censore
1900 4096 2028 4146 opus
2046 4089 2143 4145 est,
2163 4097 2227 4132 an
2243 4078 2518 4143 haruspice

1455 4145 1603 4195 nobis
1625 4147 1679 4206 ii,
1704 4150 1795 4196 121

1522 4211 1753 4260 Censura
1769 4211 1860 4261 dat
1879 4209 2080 4261 veniam
2096 4209 2279 4283 corvis3
2290 4212 2346 4256 et
2360 4211 2519 4254 vexat

1458 4275 1722 4328 columbas
1743 4276 1799 4341 ii,
1819 4280 1882 4326 03
1949 4275 2104 4340 rigidi
2134 4269 2369 4325 cachinni
2389 4266 2517 4319 faoi·
