3050 4913
465 316 553 379 52
1224 332 1294 379 A.
1344 331 1590 378 Ρκκειι
1641 329 1900 376 nacci

1172 820 1727 910 SATIRA
1833 819 1966 907 ΙΙ.

820 1084 970 1150 AD
1054 1085 1594 1151 PLOTIUM
1671 1084 1824 1150 MA
1854 1085 2332 1152 CRINUM

1185 1298 1297 1347 DE
1355 1297 1594 1349 BONA
1651 1297 1967 1348 MENTE.

1310 1633 1852 1684 ARGUMENTUM.

536 1767 673 1817 Hm:
696 1764 857 1815 satira
876 1769 957 1813 est
992 1763 1211 1828 epistola
1244 1764 1584 1828 gratulatoria
1609 1764 1672 1813 ad
1695 1765 1984 1813 Macrinum
2009 1763 2092 1812 die
2116 1763 2230 1826 ejus
2253 1762 2412 1813 natali
2433 1761 2609 1825 missa,
2630 1762 2683 1812 in

481 1849 631 1912 cujus
669 1846 920 1916 principio
958 1845 1176 1893 amicum
1215 1859 1365 1893 suum
1404 1845 1477 1892 nil
1510 1843 1606 1892 nisi
1642 1852 1786 1893 recta
1810 1859 1841 1892 a
1877 1844 1992 1892 Diis
2016 1851 2196 1906 petere
2219 1842 2368 1906 dicit,
2390 1843 2612 1908 ideoque
2634 1843 2682 1892 ei

483 1942 664 1990 magno
687 1925 1054 1976 sacrificiorum
1078 1931 1328 1989 apparatu
1353 1940 1451 1974 non
1475 1941 1605 1988 opus
1629 1940 1759 1974 esse.
1791 1928 1843 1973 «¹.
1912 1924 2054 1973 Hinc
2095 1924 2415 1974 occasionem
2452 1924 2589 1987 petit
2619 1923 2684 1972 sd

485 2009 793 2071 reliquorum
832 2006 1091 2055 hominum
1127 2006 1400 2054 stultitiam
1439 2020 1620 2055 severe
1657 2004 1955 2066 notandam,
1989 2018 2203 2067 quorum
2224 2011 2346 2053 vota
2382 2005 2687 2067 plerumque

484 2088 737 2151 ejusmodi
762 2088 884 2147 sint,
919 2093 975 2134 ut
1010 2087 1151 2134 clara
1171 2100 1298 2135 voce
1324 2101 1383 2133 ea
1407 2099 1706 2148 nuncupare
1729 2084 2057 2134 erubescant.
2094 2088 2173 2132 16.
2241 2083 2433 2146 Operae
2458 2084 2685 2146 pretium

486 2183 601 2216 esse
626 2167 781 2227 scire,
805 2166 926 2230 quid
954 2166 1160 2215 tandem
1184 2164 1249 2213 de
1273 2166 1407 2216 Jove
1429 2167 1676 2214 sentiant.
1743 2165 1949 2214 Etenim
1972 2165 2015 2214 si
2036 2165 2088 2212 in
2111 2165 2258 2215 Jovis
2293 2166 2461 2213 locum
2485 2164 2687 2229 nequis—

485 2247 670 2295 simum
703 2261 957 2311 quemque
980 2245 1268 2295 mortalium
1292 2233 1696 2306 substituissent,
1729 2245 1880 2307 eique
1905 2250 2020 2293 vota
2046 2258 2138 2291 sua
2160 2244 2553 2305 commisissent,
2587 2258 2689 2292 non

489 2342 641 2391 posse
665 2325 796 2387 fieri,
816 2327 939 2391 quin
962 2327 1003 2374 is
1028 2326 1207 2388 plenus
1243 2325 1609 2388 indignationis
1643 2326 1827 2376 Jovem
1860 2325 1971 2388 ipse
1993 2325 2311 2374 inclamaret.
2343 2329 2424 2374 2⁶.
2492 2324 2690 2372 Verum

489 2407 635 2456 Deos
660 2415 939 2472 propterea
959 2407 1023 2456 ab
1048 2407 1335 2458 bominibus
1358 2406 1640 2470 contemni,
1661 2405 1800 2471 quod
1838 2406 2117 2455 vindictam
2151 2406 2353 2454 illorum
2388 2419 2491 2454 non
2522 2404 2690 2454 conti-

488 2504 592 2539 nuo
614 2491 995 2553 experirentur,
1031 2488 1396 2554 sacrificiisque
1435 2489 1691 2552 propitios
1717 2487 1863 2537 reddi
1886 2503 2060 2552 posse,
2085 2487 2389 2537 existimari.
2422 2490 2505 2536 80.
2573 2486 2691 2537 Jum

489 2571 734 2634 quasdam
759 2570 958 2633 species
979 2571 1127 2634 hujus
1149 2570 1386 2620 stultitiae
1411 2569 1631 2634 profert,
1653 2571 1833 2632 inepta
1855 2576 1975 2617 vota
1995 2569 2122 2617 aviae
2146 2575 2234 2617 aut
2257 2574 2574 2618 materterae.
2606 2569 2689 2616 4⁰.

491 2651 740 2700 Ostendit
764 2650 969 2712 deinde,
992 2664 1053 2698 ea
1076 2665 1217 2714 saepe
1242 2651 1380 2699 Deos
1406 2649 1593 2712 rogari,
1629 2665 1765 2714 qnae,
1800 2663 1899 2713 quo
1922 2648 2087 2697 minus
2111 2648 2357 2711 consequi
2383 2648 2582 2711 possint
2603 2646 2692 2695 ho·

491 2731 673 2792 mines,
696 2746 784 2780 eos
807 2732 945 2795 ipsos
969 2732 1017 2779 iu
1044 2733 1198 2794 culpa
1220 2746 1348 2780 esse.
1382 2736 1463 2781 44.
1535 2733 1651 2781 Hoc
1674 2732 1961 2780 illustratur
1982 2730 2221 2793 exemplo
2241 2730 2372 2792 ejus,
2398 2728 2485 2793 qui
2507 2728 2689 2777 multa·

492 2826 602 2860 rum
630 2810 885 2875 pecudum
910 2810 1197 2872 sacrificiis,
1232 2813 1493 2859 Mercurio
1515 2811 1725 2870 oblatis,
1761 2826 1940 2874 greges
1982 2825 2100 2859 suos
2139 2824 2327 2873 augere
2362 2809 2507 2872 velit,
2531 2821 2694 2871 eoque

492 2889 608 2954 ipso
633 2897 802 2938 autem
827 2904 913 2938 eos
937 2890 1149 2940 minuat.
1185 2896 1265 2939 51.
1334 2890 1516 2954 Pergit
1543 2905 1721 2954 porro:
1759 2906 1824 2939 ex
1851 2890 1954 2938 suis
1978 2890 2203 2953 ipsorum
2226 2888 2441 2953 ingeniis
2466 2889 2693 2938 homines

494 2972 639 3020 Deos
678 2969 865 3028 metiri,
890 2971 1242 3036 pretiosasque
1282 2985 1382 3031 res,
1408 2971 1646 3038 quonism
1686 2970 1782 3018 sibi
1824 2978 1985 3034 gratae
2025 2978 2079 3019 et
2115 2978 2347 3033 acceptae
2384 2970 2506 3030 sint,
2541 2969 2693 3017 etiam

495 3051 616 3101 Diis
643 3052 867 3113 placere,
894 3051 1153 3101 arbitrari.
1188 3055 1269 3100 68.
1337 3052 1588 3101 Homines
1628 3051 1835 3116 quidem
1876 3050 1927 3099 in
1970 3051 2208 3115 parandis
2231 3051 2328 3100 sibi
2355 3050 2551 3099 divitiis
2576 3063 2694 3112 pec-

494 3145 632 3193 esre,
653 3139 825 3180 tamen
847 3133 1126 3182 utilitatem
1150 3132 1401 3195 quandam
1436 3147 1503 3181 ex
1541 3148 1633 3181 suo
1666 3147 1841 3181 errore
1877 3146 2095 3194 capere;
2132 3146 2311 3181 aurum
2349 3131 2545 3180 veroin
2571 3136 2694 3179 tem-

496 3210 596 3274 plis
634 3226 699 3260 ne
738 3211 998 3261 minimum
1038 3212 1241 3276 quidem
1276 3228 1421 3261 usum
1459 3212 1668 3262 habere.
1702 3217 1782 3261 70.
1850 3213 2060 3276 Colligit
2098 3213 2325 3275 tandem,
2355 3211 2696 3276 gratissimum

495 3305 694 3354 munus,
716 3293 850 3357 quod
876 3293 995 3342 Diis
1019 3292 1205 3342 offerre
1229 3294 1499 3358 possimus,
1520 3295 1744 3344 animum
1779 3309 1892 3343 esse
1931 3294 1995 3342 ad
2032 3308 2232 3343 omnem
2258 3293 2500 3341 virtutem
2526 3290 2695 3355 probi·

492 3378 768 3437 tatemque
791 3374 1150 3437 compositum,
1175 3389 1275 3438 quo
1312 3374 1524 3437 Superis
1564 3374 1740 3423 oblato
1777 3373 2089 3423 faustissima
2128 3375 2322 3438 quoevis
2361 3372 2429 3421 ab
2467 3371 2569 3420 illis
2602 3384 2694 3419 nos

498 3466 612 3502 esse
638 3453 1023 3518 impetraturos.

504 3710 787 3809 Hunc,
823 3733 1144 3814 Macrine,
1175 3736 1347 3800 diem
1379 3757 1647 3801 numera
1674 3739 1940 3802 meliore
1967 3739 2216 3823 lapillo,

572 3883 618 3930 0
640 3883 874 3946 Macrine,
894 3899 1076 3933 recense
1097 3885 1269 3948 optimo
1290 3886 1462 3935 calculo
1484 3886 1609 3934 diem
1630 3887 1789 3950 istum,
1819 3887 1898 3950 qui
1911 3885 2107 3946 faustus
2126 3886 2260 3935 addit
2283 3884 2374 3934 tibi
2395 3883 2701 3945 annosfugae·

1506 4007 1718 4057 NOTAE

571 4102 597 4146 1
653 4097 892 4159 Macrine]
976 4099 1279 4163 Intelligunt
1333 4104 1562 4152 nonnulli
1645 4120 1748 4169 quo
1782 4104 2096 4153 mentionem
2134 4103 2267 4153 facit
2300 4102 2501 4151 Plinius
2526 4101 2706 4163 perho-

504 4174 781 4225 Minntium
804 4173 1095 4223 Macrinum
1133 4177 1457 4240 Brixianum,
1494 4177 1562 4227 de
1645 4179 1908 4229 norificsm
1944 4181 2111 4244 Epist.
2144 4193 2180 4229 1.
2209 4183 2287 4229 14.
2351 4178 2552 4226 Verum
2584 4175 2701 4225 doc·
