3050 4913
412 366 559 433 xlvi

411 523 496 573 eui
518 522 737 587 plurima
761 524 933 586 palma
954 520 1130 571 fervet
1152 529 1258 572 cet.
1284 521 1395 583 viii,
1414 525 1479 571 58

409 587 1045 702 zzfflffigffiuzzzffs
1059 601 1302 700 i⁸ffl⁹¹¹m
1338 601 1479 650 '¹¹²⁸'

1087 688 1102 712 9

475 719 675 780 Erepet
715 717 931 779 genibus
972 716 1216 765 cruentis‘
1240 721 1404 765 totum
1427 728 1480 763 a·

409 796 559 846 grum
582 781 653 842 vi,
675 786 774 830 526

477 847 618 911 Erga
638 845 852 895 filiolum
887 844 1123 896 tristibus
1158 843 1372 894 medicis
1410 845 1479 904 vi,

477 975 752 1038 Ergastula
787 980 902 1023 tota
942 974 1116 1037 poscit
1155 973 1226 1032 vi,
1268 978 1357 1024 151
1428 974 1480 1022 in

407 1039 584 1089 Tusca
605 1041 783 1088 mittas
804 1039 911 1097 viii,
936 1044 1030 1088 180
1096 1038 1346 1102 inscripta
1376 1039 1480 1100 xiv,

475 1169 615 1231 Ergo
651 1168 861 1230 impune
895 1168 1016 1216 mihi
1054 1167 1359 1217 recitaverit
1390 1167 1480 1216 ine

410 1233 448 1293 i,
469 1236 498 1281 3
567 1233 637 1280 nil
661 1232 922 1296 optabunt
945 1233 1174 1281 homines
1201 1248 1253 1292 x,
1272 1236 1369 1281 346
1424 1239 1482 1281 et

408 1311 505 1346 nos
528 1311 730 1345 manum
754 1296 934 1345 ferulae
973 1296 1307 1354 subduximus
1343 1298 1377 1357 i,
1417 1302 1477 1346 15

409 1362 507 1411 sibi
535 1361 682 1410 dabit
705 1362 816 1423 ipse
842 1362 1021 1409 rudem
1043 1361 1132 1420 vii,
1157 1366 1245 1409 171
1303 1369 1480 1424 pertn-

411 1427 472 1476 lit
492 1427 601 1488 viii,
624 1429 722 1474 209
787 1427 981 1474 nullum
1016 1427 1260 1475 meritum
1296 1433 1378 1475 est
1408 1427 1480 1490 ix,

412 1494 477 1540 82
544 1504 707 1539 caveo
728 1489 801 1551 xi,
833 1495 929 1538 129

476 1556 642 1617 Erigit
663 1554 862 1606 nudum
875 1554 1073 1604 vultum
1093 1553 1160 1602 ad
1178 1555 1480 1618 spectacula

410 1619 522 1680 viii,
545 1624 642 1670 206
707 1619 853 1669 villas
879 1619 915 1679 i,
937 1624 1002 1668 94
1067 1621 1239 1669 erexit
1276 1618 1342 1667 ad
1383 1620 1479 1668 hoc

412 1699 468 1732 se
490 1684 844 1746 endoperator
867 1684 1125 1733 Romanus
1149 1691 1252 1734 cet.
1288 1699 1343 1746 x,
1385 1689 1480 1733 139

402 1748 565 1811 janua
586 1749 766 1811 longos
790 1763 958 1798 ramos
991 1750 1080 1808 xii,
1117 1753 1178 1797 91
1246 1756 1480 1799 erectum

410 1813 635 1876 ligonem
662 1811 894 1878 referens
919 1816 989 1876 xi,
1004 1819 1070 1863 89
1101 1822 1278 1864 erecta
1302 1815 1483 1878 planta

409 1878 676 1941 consurgit
697 1877 765 1926 ad
786 1879 965 1928 oscula
1007 1880 1076 1941 vi,
1114 1884 1212 1928 507
1278 1887 1481 1929 erectas

410 1941 466 1990 in
490 1950 640 2005 terga
661 1943 815 1991 sudes
838 1943 910 2003 iv,
937 1949 1030 1992 128

474 2007 760 2066 Erimucus‚
783 2007 1091 2068 Erimantus,
1113 2008 1481 2071 Erymanthus,

411 2071 740 2120 Erimanthus
761 2071 826 2119 ai.
850 2071 925 2133 iii,
949 2077 1044 2121 120

447 2135 698 2247 nErinnys
723 2137 891 2199 qualis
914 2135 1199 2186 confundat
1233 2136 1482 2186 Rutulum

413 2214 444 2246 v
488 2235 504 2260 ‚
522 2204 590 2248 68

478 2264 744 2328 Eriphylae
782 2264 875 2314 tibi
907 2273 1184 2315 occurrent
1214 2265 1391 2314 multae
1415 2265 1484 2328 vi,

476 2393 565 2442 Eri
607 2394 684 2443 uit
723 2394 864 2442 iilum
900 2408 1068 2442 soevus
1109 2394 1279 2442 exitus
1313 2410 1366 2454 x,
1388 2399 1484 2444 127

412 2474 548 2524 quan
589 2474 620 2509 o
644 2458 829 2509 fortior
849 2460 928 2508 leo
945 2460 1108 2507 vitam
1131 2460 1265 2508 leoni
1284 2475 1368 2523 xv,
1386 2465 1480 2510 161

411 2523 640 2588 eripient
663 2524 897 2575 convicia
931 2539 1162 2573 somnum
1200 2526 1373 2574 Druso
1409 2525 1484 2587 iii,

411 2593 508 2639 238
544 2604 661 2639 cum
685 2589 875 2652 eripiat
898 2588 1090 2649 Pansa,
1114 2589 1359 2654 quicquid
1385 2590 1480 2640 tibi

415 2654 584 2704 Natta
606 2655 816 2720 reliquit
837 2654 947 2713 viii,
968 2659 1032 2703 95
1101 2655 1351 2718 eripietur
1393 2670 1483 2718 pa-

413 2725 498 2768 ter
522 2722 738 2768 armenti
761 2719 870 2780 viii,
894 2724 989 2768 109

483 2785 637 2832 Errat
661 2799 756 2846 per
778 2784 993 2846 puppim
1018 2785 1083 2846 vi,
1106 2788 1196 2832 101

480 2848 683 2897 Erroris
706 2848 892 2895 nebula
924 2856 1122 2897 remota
1153 2862 1205 2908 x,
1244 2851 1276 2895 4
1343 2862 1484 2897 erro·

409 2926 522 2960 rem
544 2910 724 2960 fovisti
761 2911 867 2974 viii,
909 2915 1000 2960 165
1068 2926 1271 2961 errores
1306 2926 1483 2961 omnes

415 2976 561 3024 exuit
584 2975 690 3036 xiii,
712 2980 809 3025 188
875 2976 1133 3025 erroribus
1169 2977 1383 3027 modicis
1417 2993 1483 3026 ω-

414 3054 544 3105 quos
567 3055 738 3089 mores
762 3041 1001 3103 praecipit
1025 3041 1131 3101 xiv,
1161 3045 1221 3090 15

480 3105 703 3154 Erubuit
725 3106 854 3167 haec,
876 3120 968 3154 ceu
995 3105 1243 3168 fastidita,
1273 3106 1484 3169 repulso

417 3183 451 3217 x
492 3173 589 3218 326

455 3204 647 3282 Ἐῐυοε
664 3239 720 3281 tu
741 3232 838 3281 tibi
859 3240 982 3282 tunc
1003 3234 1177 3295 places
1191 3235 1281 3296 (ai.
1304 3249 1483 3296 uruca,

412 3298 625 3359 heruca,
660 3297 906 3360 curruca)
939 3299 1007 3355 vi,
1032 3303 1130 3347 276
1197 3300 1368 3348 erucis
1392 3300 1485 3347 im-

414 3362 581 3427 prime
603 3361 814 3410 dentem
836 3362 905 3423 ix,
937 3366 1030 3411 134

480 3427 693 3476 Esearia
715 3427 853 3475 mille
876 3427 966 3488 xii,
986 3431 1052 3475 46

481 3494 551 3541 Es
589 3493 737 3540 uilias
763 3491 958 3554 gelidus
979 3506 1031 3553 v,
1050 3495 1114 3540 78
1182 3496 1370 3568 petunt
1408 3492 1484 3553 iii,

414 3558 476 3605 71
618 3557 798 3620 quilius
822 3571 853 3604 a
875 3555 1099 3605 ferventi
1133 3570 1357 3620 migrare
1391 3556 1485 3605 Sn-

418 3618 549 3668 bura
572 3622 642 3683 xi,
664 3625 726 3669 51

480 3685 678 3734 Esseda
697 3685 949 3733 Britanna
971 3698 1032 3732 ac
1056 3684 1275 3749 Belgica
1298 3685 1366 3748 iv,
1388 3690 1485 3736 126

481 3749 658 3798 Esurit
677 3750 892 3811 Statius,
933 3749 1031 3798 nisi
1054 3750 1245 3799 vendat
1269 3749 1484 3813 Agaven

415 3810 505 3873 vii,
527 3817 589 3861 87
654 3814 888 3862 esuriens
909 3815 1182 3863 Graeculus
1206 3816 1257 3863 in
1280 3816 1484 3879 coelum,

407 3876 648 3939 jusseris,
671 3878 768 3927 ibit
790 3879 862 3938 iii,
885 3883 950 3927 78
1017 3879 1134 3928 Clio
1155 3881 1206 3927 in
1232 3880 1368 3928 atriu
1389 3880 1483 3929 mi-

417 3948 534 4005 grat
574 3942 663 4003 vii,
705 3947 734 3991 7
788 3956 956 3991 ramus
989 3943 1173 3993 1³1³aeae
1200 3945 1348 3993 olivae
1374 3944 1484 4008 xiii,

414 4009 481 4055 ⁹9
505 4026 510 4031 ·
547 4005 657 4069 ipse
682 4014 884 4070 quoque
908 4007 1013 4069 xiv,
1037 4012 1131 4056 127

482 4070 760 4119 Etruscum
800 4085 978 4119 aurum
1013 4085 1174 4134 puero
1197 4073 1238 4121 si
1262 4071 1484 4136 contigit

420 4150 471 4198 v,
493 4140 590 4184 164

478 4200 662 4251 Evado
684 4225 750 4236 —-
769 4200 936 4249 evasit
956 4200 1115 4249 solers
1137 4201 1204 4250 Ul
1245 4215 1355 4250 sses
1388 4216 1485 4264 per

416 4264 583 4315 aciem
609 4265 929 4332 ,Polyphemi
961 4266 1034 4330 ix,
1072 4270 1135 4315 65
1247 4265 1484 4317 ’bitinam

1246 380 1490 429 mmzx
1536 380 1806 429 RERUM

1560 536 1699 584 aeger
1721 520 1813 584 xii,
1837 524 1932 569 122
1998 519 2220 569 evadere
2249 520 2465 584 cupiens
2486 522 2633 573 darn-

1559 600 1625 634 no
1651 585 2010 634 testiculorum
2033 585 2124 644 xii,
2164 589 2226 633 35
2294 587 2513 637 eva-ine
2536 604 2636 638 cnr

1557 651 1649 698 hos
1696 659 1848 712 putes
1893 650 2003 712 xiii,
2048 654 2141 698 193
2222 651 2364 699 evasi
2409 650 2630 717 fulguris

1557 714 1719 764 ictum
1744 715 1835 774 xii,
1862 718 1924 762 18

1623 779 1920 827 Evandrum
1943 778 2156 827 habebis
2180 779 2418 841 conviva,
2452 781 2630 832 venies

1555 842 1874 907 Tirynthius,
1899 851 1989 893 aut
2012 843 2181 892 minor
2197 845 2286 893 iiio
2308 844 2495 908 hospes
2517 845 2632 911 (AE-

1557 907 1710 970 neas)
1734 908 1807 968 xi,
1829 912 1890 957 61

1622 973 1807 1021 Evehit
1830 987 1957 1036 quos
1983 970 2036 1019 in
2060 971 2247 1020 coelum
2272 975 2460 1023 vetulae
2496 975 2631 1025 vesi·

1558 1050 1620 1086 ca
1644 1036 1813 1086 beatae
1838 1039 1875 1098 i,
1897 1041 1962 1085 38

1621 1103 1879 1150 Eventnm
1904 1100 2057 1164 panni
2082 1114 2184 1165 quo
2207 1101 2399 1164 colligo
2421 1102 2494 1164 xi,
2520 1106 2620 1152 196

1620 1167 1829 1216 Evertit
1852 1166 1975 1230 quid
2001 1165 2217 1213 Crassos
2236 1182 2289 1226 x,
2316 1171 2411 1216 108
2447 1167 2631 1216 domos

1555 1237 1693 1280 totas
1730 1245 1782 1293 x,
1815 1235 1846 1280 7
1913 1231 2268 1279 evertentibus
2291 1231 2446 1280 undis
2472 1233 2633 1281 aiter·

1555 1310 1677 1345 num
1721 1295 1913 1359 puppis
1954 1296 2089 1343 latus
2129 1295 2218 1357 xii,
2257 1300 2317 1344 31
2387 1310 2630 1345 eversum

1556 1374 1715 1424 super
1736 1361 1941 1423 agmina
1965 1368 2192 1409 montem
2215 1360 2288 1421 iii,
2308 1364 2406 1409 258
2445 1375 2634 1410 eversa

1556 1425 1688 1473 vidit
1726 1426 1898 1474 omnia
1938 1439 1990 1485 x,
2028 1429 2125 1472 266
2192 1426 2384 1474 eversis
2414 1426 2631 1476 urbibus

1559 1490 1610 1537 xi
1654 1494 1744 1539 101

1616 1525 1870 1616 'Euganea
1891 1553 2092 1603 mollior
2116 1567 2249 1616 agua
2271 1554 2380 1617 viii,
2403 1560 2461 1604 15

1624 1618 1965 1668 Eumenidum
1989 1619 2139 1666 vultu
2163 1624 2391 1668 terretur
2429 1627 2486 1670 et
2520 1620 2635 1684 igni

1560 1683 1669 1744 xiv,
1690 1687 1785 1733 285

1623 1747 1876 1798 Eunucho
1892 1746 2155 1796 Bromium
2175 1749 2501 1798 committere
2523 1749 2637 1799 noli

1556 1814 1628 1874 vi,
1650 1818 1747 1863 378
1781 1812 2071 1863 eunuchum
2095 1826 2150 1859 se
2174 1813 2287 1875 ipse
2305 1811 2434 1862 facit
2454 1823 2633 1864 castor

1559 1879 1649 1941 xii,
1672 1883 1735 1928 35
1803 1877 2023 1927 eunuchi
2049 1876 2280 1926 imbenes
2304 1893 2393 1927 eas
2416 1893 2478 1927 ac
2509 1880 2637 1928 mol·

1556 1945 1630 1992 lia
1667 1958 1873 2008 semper
1911 1942 2084 1991 oscula
2126 1942 2397 1992 delectant
2446 1950 2503 1992 et
2542 1943 2635 1994 de·

1559 2009 1790 2072 speratio
1817 2008 1992 2057 barboe
2020 2007 2088 2067 vi,
2110 2011 2208 2056 366

1594 2073 1752 2184 iEnoe
1777 2087 1893 2122 cum
1915 2073 2045 2122 dicit
2075 2072 2344 2135 Horatius,
2378 2078 2521 2122 satur
2546 2079 2635 2124 est

1558 2151 1591 2185 v
1613 2135 1650 2197 i,
1672 2140 1737 2185 62

1624 2201 1975 2265 Euphranoris
1997 2201 2189 2267 aliquid
2221 2203 2529 2267 pra-clarum
2552 2201 2634 2266 iii,

1626 2329 1928 2393 Euphraten
1976 2330 2107 2393 petit
2150 2330 2359 2393 juvenis
2405 2331 2513 2393 viii,
2564 2336 2627 2380 51

1562 2395 1627 2442 ad
1653 2395 1951 2459 Euphraten
1974 2401 2126 2442 nutus
2151 2395 2186 2456 i,
2209 2399 2302 2442 104

1627 2461 1871 2523 Europen
1913 2474 2156 2508 vocamus
2197 2474 2411 2522 parvam
2455 2468 2633 2514 extor-

1561 2531 1771 2588 tamque
1796 2523 2021 2587 puellam
2045 2524 2152 2586 viii,
2177 2527 2239 2572 84

1631 2591 1794 2638 Eurus
1819 2589 2079 2651 dejecerat
2102 2603 2285 2637 nucem
2318 2588 2390 2651 xi,
2415 2593 2510 2638 119
2575 2589 2633 2639 in

1561 2654 1755 2703 Eurum
1798 2660 1957 2716 atque
1998 2654 2189 2702 Corum
2222 2653 2402 2703 solitus
2446 2654 2631 2703 saevire

1560 2716 1776 2781 flagellis
1801 2733 1853 2777 x,
1881 2722 1974 2765 180
2026 2718 2164 2766 Euro
2187 2718 2445 2767 valentius
2464 2718 2633 2767 fatum

1560 2783 1650 2843 xii,
1673 2788 1735 2832 63
1804 2784 1976 2831 Euros
1999 2782 2273 2832 submovet
2308 2784 2531 2846 pellibus
2554 2783 2632 2832 in·

1563 2847 1720 2896 versis
1744 2847 1848 2908 xiv,
1872 2851 1967 2895 186

1625 2912 1906 2976 Euryalum
1929 2910 2289 2961 minniilonem
2311 2912 2381 2970 vi,
2403 2916 2461 2961 81

1626 2977 1705 3025 Ex
1731 2991 1831 3040 quo
1856 2977 2012 3039 periit
2035 2976 2104 3035 vi,
2126 2980 2223 3024 294
2277 2991 2330 3037 x,
2362 2981 2426 3025 77
2480 2990 2546 3025 ex
2571 2976 2635 3025 li-

1562 3040 1664 3090 bris
1687 3041 1924 3105 quaedum
1944 3047 2000 3089 et
2023 3054 2123 3088 nou
2147 3041 2408 3105 intelligat
2429 3042 2499 3104 vi,
2534 3045 2628 3091 451

1559 3120 1624 3154 ex
1649 3106 1794 3153 nobis
1819 3106 1981 3169 geniti
2007 3106 2107 3165 xiv,
2132 3109 2198 3153 40

1627 3171 1885 3247 Exaeqnet
1908 3168 2166 3218 montibus
2188 3182 2367 3217 autrum
2388 3169 2479 3230 xii,
2503 3174 2599 3219 130

1625 3236 1909 3297 Exagitare
1953 3249 2054 3310 qua
2090 3234 2387 3297 Tisiphone,
2442 3235 2629 3298 quibus

1562 3300 1805 3360 colubris,
1828 3299 1912 3348 dic
1938 3314 2008 3359 v1,
2032 3303 2096 3348 29
2163 3299 2425 3361 exagitata
2448 3299 2634 3363 procul

1561 3378 1659 3412 non
1686 3364 1852 3414 intrat
1873 3362 2082 3416 foemina
2105 3364 2259 3413 limen
2285 3365 2337 3428 ii,
2361 3369 2425 3413 88

1626 3430 1856 3478 Examen
1902 3430 2075 3492 apium
2128 3431 2280 3491 longa
2334 3428 2634 3479 consederit

1562 3507 1663 3540 uva
1684 3495 1908 3543 culmine
1933 3493 2132 3542 delubri
2156 3494 2266 3553 xiii,
2287 3498 2351 3541 68

1625 3559 1901 3609 Exanimes
1926 3560 2091 3623 primo
2112 3571 2371 3606 murmure
2389 3556 2504 3606 coeli
2524 3557 2637 3621 xiii,

1629 3686 1972 3736 Exanimante
1996 3685 2124 3735 tuba
2145 3685 2180 3745 i,
2210 3688 2307 3735 169

1627 3752 1836 3800 Exarsit
1858 3751 2024 3800 forma
2048 3752 2115 3812 vi,
2148 3755 2241 3801 103

1626 3815 1885 3866 Exaudiet
1906 3817 1992 3865 vix
2017 3817 2305 3866 cornicines
2328 3833 2381 3878 x,
2402 3820 2496 3865 214
2538 3828 2631 3864 ex·

1560 3881 1740 3930 auditu
1761 3882 2055 3930 numinibus
2076 3889 2200 3931 vota
2224 3897 2277 3942 x,
2301 3887 2392 3930 111

1626 3946 1920 3996 Excanduit
1974 3959 2075 3994 non
2130 3947 2298 3996 minus
2353 3949 2536 3996 Cressa
2578 3958 2635 4008 x,

1624 4076 1829 4124 Excelsi
1872 4074 2095 4124 ministri
2151 4075 2385 4124 manibus
2425 4072 2635 4122 sublata

1560 4140 1739 4202 patina
1763 4157 1813 4202 v,
1835 4143 1899 4188 88
1967 4141 2190 4189 excelsa!
2217 4141 2371 4189 turris
2396 4137 2635 4187 tabulata

1562 4219 1596 4252 x
1639 4209 1735 4253 106

1600 4240 1927 4333 ’Exuet-pere
1947 4268 2070 4321 inde
2107 4267 2163 4335 (e
2202 4267 2381 4321 cuneis¹
2414 4265 2634 4332 theatri)
