3050 4913
521 400 611 468 52

1281 414 1355 464 A.
1404 415 1443 463 P
1455 415 1655 465 ssRsn
1705 408 1974 464 FL'Accl

521 556 689 622 Sese
718 557 1003 642 aliquem
1034 554 1330 634 credens,
1362 555 1539 622 Italo
1565 555 1745 642 quod
1770 558 2020 622 honore
2048 556 2332 641 supinus

526 656 826 741 Fregerit
853 657 1155 722 heminas
1184 654 1372 722 Aseti
1403 657 1620 722 aedilis
1648 658 1944 741 iniquam

2605 659 2736 725 13⁰

515 759 669 826 Nec
699 761 818 845 qui
849 762 1064 825 abaco
1094 779 1427 838 numeroS,
1457 769 1527 825 et
1554 767 1740 826 secto
1767 762 1837 825 in
1866 762 2145 844 pulvere
2173 765 2409 840 metaS,

513 966 679 1027 cocles,
711 965 914 1028 seipsam
955 967 1200 1016 estimas
1218 967 1454 1031 aliquem,-
1482 968 1597 1031 qaia
1620 968 1924 1018 AEdilitatem
1955 984 2127 1032 teu-ess
2162 969 2343 1031 Antii,
2373 967 2644 1032 uper-him
2672 968 2731 1016 ob

515 1031 867 1093 Magi-stratam
903 1029 956 1079 in
989 1031 1157 1091 Italia,
1192 1035 1376 1095 ruperit
1414 1033 1638 1083 dimidios
1657 1034 1894 1084 sea-tm
1925 1049 2019 1083 ιιοιι
2043 1035 2194 1095 justa
2226 1034 2584 1096 magnitudinis.

2653 1033 2733 1081 Ne

515 1095 660 1145 etiam
680 1095 823 1160 legat
843 1109 945 1159 me,
981 1097 1062 1159 qai
1097 1100 1282 1145 astum
1319 1097 1452 1146 mie
1484 1097 1701 1147 deridere
1732 1103 1870 1147 notas
1888 1099 2148 1149 amr-ales
2167 1097 2625 1149 Arithmeticorum
2646 1112 2730 1146 sn·

1442 1249 1529 1269 m
1535 1249 1617 1268 m
1622 1249 1796 1269 ‘mee

514 1371 613 1423 pro
632 1356 1035 1408 sordidam—129
1067 1356 1218 1422 Seque
1241 1357 1461 1408 C.-1³1
1498 1359 1640 1409 Sec-to
1656 1361 1850 1423 pulvere
1881 1360 1944 1410 C.

1504 1498 1719 1548 NOTAE

513 1593 747 1644 nonnulli
780 1593 961 1643 Romae
1001 1592 1336 1656 affectabant,
1373 1601 1431 1643 nt
1464 1593 1586 1644 inde

1735 1593 1989 1657 Homines]
2071 1593 2281 1644 Hemina
2333 1598 2415 1643 est
2471 1604 2725 1644 mensuras

514 1668 826 1736 preferrent
846 1670 1074 1720 militare
1098 1670 1285 1720 robur:
1329 1671 1467 1736 quod
1491 1671 1586 1721 ite·
1665 1684 1825 1733 genus
1870 1670 2137 1720 dimidium
2182 1671 2394 1720 sextarii
2438 1670 2726 1723 continens.

513 1760 625 1794 rnm
645 1745 858 1796 Persius
883 1754 1058 1795 noster
1076 1747 1285 1796 damnat
1307 1747 1465 1797 Satir.
1487 1761 1581 1798 ιιι.

514 1821 602 1871 ubi
640 1828 798 1871 vocat
827 1836 912 1871 eos
946 1822 1191 1872 hirtosam
1215 1830 1423 1888 gentem
1448 1825 1583 1873 Cen·

512 1899 786 1950 turianum.
852 1894 989 1963 vel,
1026 1900 1069 1949 si
1119 1901 1298 1960 mavis,
1348 1900 1580 1965 intellige

511 1974 680 2039 plebis
700 1975 1061 2038 ignorantiam,
1079 1990 1230 2040 quam
1248 1975 1331 2025 hic
1348 1982 1579 2040 opponat

512 2049 942 2112 Philosophorum
993 2049 1245 2099 doetrinae
1301 2057 1357 2100 et
1410 2050 1581 2100 erudi-

514 2124 665 2188 tioni,
708 2139 823 2189 quae
863 2125 1118 2188 imperitis
1159 2125 1381 2175 ludibrio
1420 2126 1578 2176 habe-

516 2205 618 2251 tur.

583 2278 650 2326 Et
673 2277 795 2326 lusco
816 2278 900 2341 qai
917 2278 1086 2342 poscit,
1100 2278 1209 2342 δια]
1275 2277 1460 2369 Apage
1482 2238 1580 2329 eti-

515 2367 594 2403 am
619 2353 958 2404 cachinnones
980 2355 1093 2404 illos
1116 2353 1310 2418 fatuos,
1330 2357 1415 2422 qni
1435 2364 1580 2406 natu-

512 2429 641 2480 ralia
682 2429 811 2481 vitia
854 2431 1199 2496 exprobrant,
1244 2447 1359 2498 quae
1403 2440 1577 2484 tamen

512 2506 702 2557 nemini
725 2507 920 2571 probro
954 2523 1065 2558 esse
1098 2507 1312 2559 debent.
1381 2510 1579 2558 Luscus

511 2598 669 2658 porro
713 2585 974 2649 siguificat
1023 2601 1138 2635 eum
1185 2586 1272 2636 cui
1316 2585 1579 2635 imbecilla

511 2668 593 2712 est
625 2662 889 2712 oculorum
930 2662 1101 2711 acies:
1139 2663 1348 2726 ponitur
1387 2670 1443 2713 et
1479 2675 1576 2726 pro

512 2740 724 2800 coclite,
767 2754 829 2788 eo
887 2753 1073 2802 nempe
1129 2740 1215 2804 qui
1271 2740 1438 2789 altero
1492 2745 1577 2788 est

458 2819 475 2826 '
510 2815 660 2864 oculo
683 2821 887 2876 captus.
953 2813 1056 2863 Alii
1079 2816 1277 2879 legunt,
1296 2816 1460 2877 possit.

577 2894 673 2939 129
706 2889 821 2939 Sese
854 2890 1057 2952 aliquem
1099 2890 1313 2954 credens]
1368 2890 1573 2955 ‚Aliquo

508 2970 674 3014 semet
693 2966 888 3015 honore
908 2966 1116 3030 dignum
1142 2967 1422 3016 aestimans.
1478 2968 1572 3016 Le-

508 3048 640 3106 gunt
678 3042 786 3104 alii,
823 3057 921 3092 sese
960 3044 1139 3106 aliquid
1178 3044 1394 3092 credens.-
1430 3041 1570 3107 qnod

507 3117 724 3183 perinde
746 3120 957 3182 elegans
976 3127 1074 3182 est,
1097 3125 1152 3168 et
1173 3118 1311 3168 idem
1336 3125 1503 3168 sonat.

574 3196 700 3244 Italo
719 3197 843 3258 quod
863 3196 1056 3257 honore]
1124 3197 1201 3245 Eo
1243 3194 1380 3259 quod
1425 3193 1572 3246 func·

508 3277 593 3321 tus
631 3269 790 3321 fuerit
828 3273 1002 3335 aliquo
1027 3271 1337 3335 Magistrum
1373 3271 1569 3331 infimo,

505 3347 744 3397 nimirum
769 3347 1014 3408 AEdilatu‚
1055 3348 1106 3394 in
1146 3345 1368 3411 quodam
1393 3361 1422 3395 e
1458 3362 1567 3396 mu·

503 3423 710 3487 ulcipiis
735 3424 920 3472 ltaliae.

566 3498 797 3563 Supinas]
881 3498 1137 3562 Superbia
1182 3498 1347 3547 elatus
1389 3504 1447 3547 et
1488 3498 1567 3547 sui

501 3572 670 3625 factus
715 3576 980 3624 immemor
1018 3573 1086 3623 ob
1121 3575 1363 3623 honorem
1402 3574 1566 3623 illum.

502 3648 712 3713 Supinas
735 3651 943 3715 proprie
980 3651 1022 3700 is
1054 3650 1262 3712 dicitur,
1297 3650 1388 3715 qui
1413 3650 1569 3700 dorso

505 3719 807 3776 incumbens
873 3728 1058 3776 coelum
1115 3727 1322 3790 aspicit.
1411 3725 1567 3775 Unde

502 3804 731 3850 nonnulli
766 3803 1197 3866 interpretantur,
1220 3805 1404 3865 otiose,
1443 3803 1569 3852 mol-

501 3876 641 3937 liter,
681 3885 736 3926 et
772 3879 994 3928 delicate
1031 3880 1238 3931 vivens:
1274 3882 1367 3930 sed
1402 3881 1566 3929 minus

504 3952 719 4003 arridet.

566 4032 663 4078 180
700 4029 919 4090 Fregerit
944 4030 1174 4093 heminas]
1212 4029 1402 4078 AEdiles
1426 4046 1565 4080 men·

499 4104 631 4168 suris
649 4112 927 4168 praeerant,
943 4114 995 4154 et
1015 4105 1216 4170 iniquas
1234 4104 1563 4171 frangebant.

499 4179 642 4230 Tull.
664 4194 727 4231 ιι.
749 4179 816 4228 de
842 4179 1082 4244 Legibus.
1103 4180 1347 4234 Juvenal.
1367 4183 1481 4233 Sat.
1505 4195 1562 4234 x.

500 4262 615 4309 1⁰2.
645 4256 873 4308 Turneb.
898 4269 1057 4307 xxix.
1078 4260 1163 4306 20.

1664 1745 1888 1796 Ponitur
1929 1746 2011 1796 hic
2055 1761 2151 1811 pro
2197 1746 2430 1812 qualibet
2465 1761 2728 1797 mensura.

1662 1821 1801 1870 Plin.
1857 1824 1893 1871 l.
1939 1835 2057 1872 xxi.
2105 1838 2219 1887 cap.
2266 1824 2462 1887 ultimo,
2504 1823 2724 1874 hemina

1662 1897 1977 1947 mentionem
1997 1895 2142 1949 facit.

1722 1972 1887 2035 Arcti]
1932 1974 2170 2033 Antium,
2195 1988 2332 2023 nunc
2348 1975 2547 2036 ,lv-ezzo,
2569 1975 2726 2023 Etru·

1657 2049 1746 2098 riae
1766 2049 2017 2113 oppidum
2042 2051 2176 2098 vasis
2193 2049 2442 2100 fictilibus
2464 2051 2726 2115 quondam

1659 2125 1886 2174 celebre.
1973 2126 2203 2175 Martial.
2262 2127 2413 2190 Epig.
2470 2139 2588 2176 xnr.
2639 2131 2724 2176 98.

1659 2199 1912 2251 ‘Aretina
1952 2202 2101 2251 nimis
2135 2217 2200 2251 ne
2234 2217 2448 2266 spernas
2472 2216 2598 2252 vasa
2619 2217 2728 2253 mo·

1657 2293 1859 2340 nemus,

1657 2355 1939 2407 fictilibus!
2001 2356 2136 2406 Sunt
2179 2356 2268 2422 qui
2305 2358 2500 2420 legant,
2539 2357 2723 2419 Eratis,

1658 2433 1797 2499 quod
1821 2432 2068 2498 oppidum
2090 2441 2170 2484 est
2189 2432 2512 2483 Sabinorum.

1724 2515 1815 2560 131
1856 2513 1957 2560 Nec
1996 2511 2077 2574 qai
2112 2510 2275 2573 abaco]
2343 2511 2457 2560 Nec
2497 2510 2721 2574 denique

1658 2601 1776 2635 eum
1798 2587 1914 2636 volo
1942 2586 2205 2648 lectorem,
2234 2585 2322 2650 qui
2360 2584 2543 2635 doctas
2579 2592 2720 2634 artes

1659 2668 1982 2726 aspernatur,
2000 2676 2048 2711 v.
2073 2678 2124 2726 g.
2147 2661 2440 2725 descriptos
2471 2661 2526 2710 in
2555 2661 2720 2711 abaco

1655 2752 1894 2788 numeros
1952 2738 2017 2787 ab
2073 2737 2462 2787 Arithmetieis:
2527 2737 2720 2801 figuras

1657 2814 2076 2874 Mathematicus,
2107 2821 2163 2863 et
2188 2814 2314 2862 allas
2340 2813 2581 2862 liberales
2604 2827 2719 2862 eru·

1655 2890 1891 2954 ditasque
1911 2890 2229 2954 disciplinas.
2271 2887 2409 2937 vide
2426 2888 2559 2938 Cel.
2583 2888 2718 2938 Rho-

1653 2967 1756 3031 dig.
1779 2980 1879 3016 vn.
1904 2971 1984 3016 30.

1719 3044 1788 3091 Εἰ
1818 3048 1943 3092 secto
1976 3043 2025 3090 in
2044 3043 2238 3105 putum
2259 3039 2429 3103 Mas]
2514 3040 2718 3090 Mathe·

1653 3118 1828 3167 matici
1853 3120 2119 3181 pulverem
2144 3116 2279 3165 humi
2302 3116 2642 3180 spargebant,
2662 3122 2718 3165 et

1653 3195 1707 3243 in
1748 3209 1810 3244 eo
1855 3195 2068 3259 pulvere
2111 3192 2304 3257 figuras
2349 3190 2715 3242 describebant

1651 3271 1817 3320 radio.
1885 3271 1949 3319 In
1988 3285 2051 3319 ea
2094 3271 2439 3332 occupatione
2480 3270 2712 3319 intentus

1652 3347 1993 3398 Archimedes
2028 3346 2196 3409 captis
2230 3345 2501 3410 Syracusis
2524 3345 2712 3396 misere

1650 3423 1852 3472 occisus
1897 3430 1978 3473 est
2023 3437 2054 3470 a
2093 3421 2329 3471 Romano
2361 3421 2542 3471 milite.
2610 3422 2712 3470 Tit.

1649 3498 1761 3546 Liv.
1784 3498 1819 3546 1.
1847 3510 1981 3548 xxv.
2049 3498 2360 3546 Plutarchus
2397 3495 2564 3545 refert
2587 3497 2714 3546 Dio·

1647 3572 1780 3637 nysii
1822 3571 2038 3635 Regiam
2085 3572 2497 3634 pulverulentam
2536 3569 2714 3632 fuisse,

1648 3648 1715 3697 ob
1738 3662 1914 3696 eorum
1938 3647 2339 3710 multitudinem,
2376 3647 2464 3712 qui
2488 3648 2711 3697 Geome-

1649 3724 1810 3773 tricas
1835 3724 1888 3773 in
1911 3725 2123 3787 pulvere
2146 3723 2335 3788 figuras
2356 3723 2710 3774 delineabant.

1715 3800 1897 3863 Melas]
1980 3799 2186 3860 Lineas,
2221 3815 2337 3864 quae
2382 3807 2505 3851 sunt
2548 3802 2712 3850 veluti

1648 3881 1802 3925 metae
1844 3880 1901 3924 et
1943 3874 2089 3936 fines,
2144 3875 2325 3940 quibus
2381 3877 2708 3940 componitur

1647 3952 1898 4017 quaelibet
1921 3950 2103 4017 figura,
2125 3966 2186 4001 ac
2207 3952 2532 4000 terminatur.
2572 3954 2706 4001 Exa-

1646 4033 1826 4076 rantur
1856 4033 2031 4077 autem
2056 4026 2159 4076 illae
2183 4025 2359 4090 figura
2380 4041 2443 4075 ac
2468 4026 2620 4076 lineae
2654 4027 2702 4075 iu

1643 4104 1877 4167 pulvere,
1899 4110 1956 4152 ut
1992 4103 2033 4152 si
2071 4103 2194 4167 quid
2233 4109 2433 4153 rectum
2474 4117 2581 4152 non
2604 4108 2703 4166 est,

1641 4178 1796 4230 facile
1813 4179 2120 4244 corrigatur.

1897 2280 2091 2328 Lautus
2128 2286 2245 2328 erat
2280 2279 2460 2328 Tuscis
2490 2278 2725 2328 Porsena
2831 2340 2834 2345 .
