3050 4913
522 367 696 433 1192
1169 380 1558 430 aecensus
1607 380 2038 433 anm-ronna

550 528 564 540 “
599 525 929 598 Juvenalie,
1002 525 1273 598 Persius,
1344 526 1664 596 Horatius,
1722 525 2018 598 Lucilius,
2077 526 2352 605 Lugduni
2407 528 2727 590 Bau—12.

524 634 554 781 ,1
567 630 753 778 bgoaec
803 718 985 779 editio
1031 718 1305 781 laudatur
1345 722 1406 781 in
1453 722 1647 782 Catal.
1694 722 1972 783 Biblioth.
2024 722 2393 781 Francosurti
2422 721 2483 782 d.
2516 730 2573 782 8.
2601 724 2726 783 Jul.

528 822 703 884 1799.
733 815 1007 876 venditae.
1090 817 1205 877 Sed
1255 837 1527 879 numerus
1566 818 1705 878 anni
1745 818 1885 898 quin
1928 818 2133 878 vitiose
2158 837 2469 897 expressus
2499 818 2596 891 sit,
2629 818 2726 878 vix

521 919 613 971 est
639 911 801 990 quod
829 911 1185 974 dubitemus.

1188 1108 1384 1191 ,SAEC.
1421 1109 1587 1168 XVI.
1623 1106 2038 1169 1501—1601.

1538 1212 1716 1266 1501.

605 1299 637 1334 *
661 1297 876 1360 Aldina
904 1314 952 1359 1.
996 1300 1216 1360 Veneta
1257 1316 1468 1360 xvn1.
1514 1306 1598 1376 (n.
1626 1299 1757 1375 61.)
1791 1299 2096 1362 Juvenalis
2135 1300 2423 1369 Per-sinu,-
2463 1300 2725 1361 venetiis

522 1395 689 1475 apud
703 1395 927 1457 Αἰάκεα
953 1395 1079 1455 sine
1105 1398 1395 1457 mentione
1423 1397 1578 1468 anni,
1613 1406 1670 1458 8.
2529 1426 2534 1430 ·

524 1490 559 1541 s
604 1494 743 1561 Quo
769 1512 925 1551 anno
971 1493 1266 1572 prodierit,
1314 1514 1432 1555 non
1474 1502 1749 1565 constan
1795 1514 1923 1555 eam
1953 1515 2090 1556 vero
2120 1494 2366 1574 primam
2394 1513 2522 1555 esse
2550 1492 2726 1555 Aldi-

524 1608 679 1660 nam,
710 1591 800 1650 vel
827 1610 899 1649 ex
927 1609 998 1649 eo
1023 1590 1333 1668 probabile
1361 1592 1447 1663 fit,
1479 1591 1645 1671 quod
1677 1594 1899 1653 Groeca
1927 1594 2123 1667 verba,
2146 1612 2284 1670 quae
2314 1593 2438 1652 Sat.
2458 1607 2554 1662 v1,
2589 1597 2726 1661 195.

525 1695 713 1746 et‘1x.
745 1694 846 1754 37.
893 1687 951 1746 in
1001 1688 1243 1766 reliquis
1292 1689 1524 1749 Aldinis
1568 1690 1863 1768 leguntur,
1913 1690 1971 1750 in
1999 1709 2089 1760 ea,
2121 1689 2273 1748 utin
2310 1690 2482 1747 Rom.
2509 1686 2725 1765 princ„

522 1782 783 1842 nondum
830 1802 1129 1861 expressa,
1169 1787 1272 1846 sed
1322 1787 1497 1865 plane
1539 1787 1752 1846 omissa
1781 1795 1933 1847 sunt.
2010 1775 2167 1845 'Trea
2193 1794 2390 1844 autem
2419 1802 2547 1843 esse
2573 1783 2729 1842 dnn·

523 1879 687 1938 taxat
712 1880 975 1952 Aldinas,
1019 1882 1266 1967 primam
1307 1903 1356 1943 s.
1386 1904 1464 1953 a„
1507 1883 1744 1942 alteram
1774 1902 1829 1942 a.
1863 1890 2063 1951 1501.,
2106 1891 2166 1940 et
2195 1880 2419 1940 tertiam
2456 1900 2512 1940 a.
2547 1886 2726 1939 1535.

522 1976 839 2052 vulgatam,
895 1976 1126 2053 liquido
1175 1978 1530 2037 contendere
1569 1998 1829 2056 possum,
1887 1977 2166 2055 quoniam
2211 1986 2299 2038 tot
2341 1977 2398 2035 in
2454 1962 2734 2036 manibus

520 2071 723 2142 habui,
754 2091 887 2149 quae
917 2092 1120 2133 omnes
1140 2073 1276 2133 olim
1304 2074 1360 2133 in
1393 2075 1663 2136 biblioth.
1684 2074 1968 2153 praeclara
1990 2073 2386 2152 Kulenlrampi
2415 2072 2725 2143 extabant,

520 2176 602 2239 et,
632 2176 949 2245 antequam
978 2169 1078 2228 illa
1123 2169 1486 2242 venderetur,
1531 2172 1608 2231 ab
1643 2171 1742 2230 Ill.
1773 2170 2027 2249 Heynio,
2059 2189 2192 2247 quae
2221 2187 2433 2247 magna
2459 2170 2589 2247 ejus
2621 2167 2728 2228 be·

520 2264 849 2324 nevolentia
875 2275 985 2335 est,
1018 2266 1158 2326 mihi
1186 2268 1537 2327 transmissa!
1568 2277 1719 2327 sunt.
1805 2271 1857 2327 A
1886 2266 2156 2327 Fabricio
2181 2266 2340 2325 nulla
2367 2274 2730 2326 memoratur

521 2358 756 2430 Aldina,
787 2359 843 2419 in
870 2360 1010 2420 edit.
1042 2371 1237 2421 autem
1283 2363 1519 2441 Bipont.
1565 2381 1681 2422 una
1724 2372 1971 2434 tantum,
2003 2372 2065 2422 et
2091 2363 2331 2439 quidem
2361 2362 2451 2422 his
2488 2361 2724 2447 verbis:

522 2465 543 2492 ‘
570 2462 806 2532 (1501.)
846 2458 1063 2519 Aldina
1107 2459 1228 2519 sine
1270 2460 1408 2519 anni
1434 2469 1598 2532 nota,
1631 2469 1688 2521 8.
1716 2463 1750 2521 J
1760 2459 2019 2519 uvenalis
2047 2469 2106 2518 et
2138 2459 2368 2519 Persius
2394 2478 2465 2518 ex
2493 2456 2740 2518 officina

520 2552 690 2614 Aldi.
775 2554 1005 2616 Eodem
1049 2576 1204 2617 anno
1257 2565 1317 2617 et
1367 2555 1588 2633 prodiit
1632 2576 1704 2614 ex
1754 2556 1857 2616 off.
1906 2555 2053 2615 Ami
2101 2555 2418 2616 Horatius:
2463 2573 2725 2633 quocum

513 2651 714 2729 juncti
764 2663 1158 2714 memorantur
1206 2654 1263 2712 in
1309 2653 1532 2731 Solgeri
1579 2653 1770 2713 Catal.
1816 2652 1969 2713 Bibl.
2019 2654 2180 2731 (quae
2209 2651 2342 2711 dein
2371 2652 2619 2711 accessit
2648 2650 2728 2710 ad

523 2747 681 2807 Bibl.
729 2749 1302 2828 Norimbergensem)
1348 2749 1427 2809 T.
1476 2765 1588 2808 111.
1633 2768 1694 2827 p.
1741 2757 1883 2817 278.
1924 2768 1987 2807 n.
2022 2757 2198 2810 1833.
2243 2748 2347 2808 ubi
2380 2755 2726 2809 annotatum

519 2844 767 2923 legitur:
816 2845 907 2904 01»
933 2851 1106 2903 notas
1133 2843 1291 2904 Mas.
1331 2844 1544 2904 Lazari
1585 2843 1903 2925 Spenglert‘
1931 2843 2185 2924 Syndici
2217 2845 2729 2923 Norimbergezm‘s

523 2938 848 3001 doctissimi
887 2944 1177 3018 (†1534.)
1222 2942 1285 3002 in
1323 2944 1525 3021 pretio
1564 2940 1871 3001 'nubenda'
1954 2944 2151 3003 Hasce
2180 2952 2347 3002 notas
2373 2941 2577 3002 rescivi
2605 2960 2728 3004 non

522 3038 719 3115 magni
763 3056 895 3098 esse
941 3039 1246 3110 momenti,
1297 3050 1360 3099 et
1385 3039 1460 3100 ad
1490 3040 1802 3100 Horatium
1848 3039 2096 3099 maxime
2124 3039 2433 3117 pertinere.
2510 3037 2730 3098 Aldina

523 3143 719 3194 autem
747 3134 869 3194 sine
895 3136 1028 3195 anni
1055 3144 1196 3196 nota
1223 3137 1567 3215 neutiquam
1595 3137 2013 3197 confundenda
2040 3147 2130 3197 est
2155 3157 2293 3197 cum

528 3281 535 3288 .
604 3230 635 3263 ⁸
659 3232 877 3291 Aldina
908 3249 988 3292 11.
1010 3235 1234 3293 Veneta
1253 3250 1407 3293 xnt.
1435 3239 1517 3311 (n.
1540 3231 1667 3307 62.)
1693 3234 2002 3294 Juvenalis
2025 3231 2474 3294 Persium—Ad
2500 3231 2729 3291 calcem

519 3329 861 3390 Juvenalis:
933 3329 1190 3410 Venetis}
1229 3330 1396 3410 apud
1431 3331 1675 3402 Aldus,
1720 3341 1781 3392 et
1828 3331 2039 3392 Persii:
2093 3330 2342 3392 Venetiis
2389 3331 2455 3389 in
2497 3326 2732 3388 «edibus

523 3425 695 3496 Aldi,
729 3426 939 3487 Mense
966 3426 1249 3508 Augusto
1279 3433 1586 3491 Mun—8.
1621 3435 1797 3491 1501.

605 3525 738 3583 Hoc
778 3525 1160 3586 annoetiam
1211 3528 1511 3601 Horatius,
1559 3538 1622 3589 et
1667 3528 1941 3608 Virgilius
1986 3527 2196 3590 eodem
2241 3525 2405 3605 prelo
2454 3522 2744 3603 typisque·

522 3619 860 3693 minoribus,
913 3622 1015 3702 qui
1041 3623 1252 3692 italici,
1297 3633 1615 3698 currentes,
1640 3633 1700 3684 et
1725 3625 1944 3685 Aldina·
1987 3624 2160 3701 vulgo
2188 3632 2493 3690 vocantur,
2523 3619 2731 3678 excusi

522 3709 676 3778 sunt.
758 3719 939 3790 Quod
969 3740 1111 3780 vero
1139 3722 1342 3802 Heyne
1370 3723 1427 3781 in
1457 3723 1668 3781 Indice
1683 3721 2010 3780 editionum
2041 3717 2259 3796 Virgilii
2288 3736 2351 3795 p.
2383 3732 2528 3776 xer.
2555 3713 2744 3790 (editz

522 3814 650 3886 alt.)
695 3814 770 3873 de
821 3815 1045 3877 Aldina
1091 3817 1260 3877 tertia
1304 3817 1488 3877 dixit:
1555 3817 1873 3895 ‘praeclara
1921 3826 1981 3874 et
2028 3814 2178 3874 inter
2221 3810 2731 3891 praestantissimas

521 3895 691 3971 facile
719 3907 916 3983 editio,
947 3913 1003 3971 iu
1033 3932 1152 3990 qua
1193 3914 1492 3991 pleraque,
1522 3933 1557 3972 e
1584 3912 1917 3971 melioribus
1956 3910 2138 3971 codd.
2179 3908 2498 3969 constituta
2525 3907 2731 3985 legun·

522 4001 655 4077 tur;
700 4015 758 4065 et
787 4026 959 4084 quam
990 4008 1093 4085 qui
1121 4007 1339 4067 factum
1370 4008 1445 4068 sit
1471 3995 1540 4068 ut
1568 4018 1874 4084 sequentes
1895 4007 2145 4066 editores
2173 4025 2291 4064 non
2321 4014 2726 4083 sequerentur,

523 4102 627 4164 sed
657 4103 996 4181 plerumque
1023 4103 1100 4162 ad
1147 4104 1401 4182 priorem
1449 4103 1733 4164 Aldinam
1772 4104 2047 4178 redirent,
2073 4123 2191 4164 nou
2221 4098 2736 4180 assequorf‘idem'
2778 4097 2781 4100 “

523 4199 821 4262 transferri
866 4207 1067 4280 potest
1106 4201 1180 4261 ad
1229 4200 1510 4265 Aldinam
1563 4218 1645 4263 11.
1690 4203 1726 4266 J
1734 4200 2014 4265 uvenalis.
2099 4197 2589 4263 mendatissima
2633 4205 2731 4257 est
