3050 4913
1102 404 1550 455 suvssNAmS.
2296 396 2470 463 1185

261 549 570 611 correxisse
616 548 873 620 videtur,
920 549 1034 610 etsi
1072 538 1135 609 in
1173 549 1434 629 plurimis
1478 550 1610 612 iiaec
1651 550 1833 612 editio
1880 572 2019 612 cum
2066 530 2465 633 superioribus

244 647 526 709 concinit.
2391 718 2398 725 Δ
2429 721 2434 729 Β

330 745 361 775 ·
402 743 722 804 Brixiensis
761 761 840 803 11.
886 747 969 819 (u.
1001 746 1126 818 50.)
1169 744 1417 803 Persius
1454 763 1583 804 cum
1613 736 1824 804 Comm.
1858 746 1963 805 Jo.
2002 747 2363 824 Britannici,
2406 759 2466 812 et

265 840 560 901 Juvenal-3
588 859 720 899 cunr
757 858 963 899 comm.
1013 840 1117 898 Ge.
1152 838 1433 910 Merula,
1475 840 1589 915 (vel
1614 841 1884 919 ejusdem
1915 843 2259 919 Britannici)
2302 849 2467 928 typis

263 936 460 997 Jacobs·
492 936 875 1012 Britannici,
922 935 1315 995 Brixiae-fol.
1357 934 1529 996 1486.
1579 938 1628 997 si
1656 937 1803 997 fides
1842 938 2115 1000 habenda
2155 943 2337 1003 Sociis
2368 946 2465 1005 Bi·
2549 968 2558 973 ·

260 1033 538 1112 pontinis.
624 1030 744 1091 Sed
787 1032 848 1090 in
876 1051 948 1091 ea
987 1031 1281 1117 editione,
1308 1051 1428 1108 qua
1465 1052 1602 1091 usus
1637 1053 1786 1105 sun»,
1831 1043 1892 1094 et
1920 1053 2054 1114 quae
2091 1036 2148 1096 in
2179 1039 2462 1101 Bibliotb.

261 1130 528 1192 academ.
558 1128 869 1207 Goetting.
913 1138 1194 1200 servatur,
1246 1139 1486 1208 uterque
1533 1137 1711 1208 pocta
1752 1133 2171 1192 commentario
2210 1136 2307 1213 Jo.
2338 1136 2463 1195 Bri-

260 1228 479 1289 tannici
506 1226 828 1301 illustratus
855 1232 965 1296 est,
990 1233 1052 1284 et
1074 1226 1108 1284 J
1116 1224 1419 1285 uvenalem
1447 1225 1673 1303 excipit
1710 1228 1953 1299 Persius,
1995 1230 2094 1289 cui
2123 1231 2179 1289 in
2201 1241 2466 1294 extrema

259 1325 386 1384 libri
413 1323 637 1402 pagina
679 1323 807 1381 haec
837 1330 978 1380 nota
1018 1322 1299 1399 reperitur
1325 1322 1633 1401 subjecta:
1681 1325 2078 1402 ‘Impressum
2124 1328 2332 1389 Brixiae
2360 1350 2467 1408 per

259 1422 553 1484 Jacobum
583 1418 988 1479 Britannicum
1021 1414 1352 1480 Brixianum
1379 1437 1534 1485 anno
1561 1408 1784 1480 domini
1815 1437 2340 1486 mccchxxxvt.
2369 1426 2467 1488 die

259 1517 813 1579 xv11.Feb1-uarii.’
896 1518 1047 1585 Quae
1075 1517 1435 1596 subscriptio
1462 1518 1513 1577 si
1540 1518 1611 1577 ad
1642 1526 1829 1578 totum
1857 1529 2089 1597 spectat
2117 1521 2350 1593 librum,
2380 1525 2464 1600 (in

262 1637 374 1695 quo
402 1616 864 1676 commentarius
894 1615 1131 1693 quidem
1159 1614 1216 1672 in
1243 1615 1277 1677 J
1286 1615 1583 1673 uvenalem
1613 1614 1790 1691 paulo
1819 1614 2135 1691 majoribus
2161 1621 2467 1696 asperiori-

264 1713 513 1792 busque,
558 1732 737 1791 quam
779 1712 839 1771 in
881 1698 1162 1782 Persium,
1213 1717 1406 1768 textus
1450 1721 1642 1768 autem
1685 1709 1984 1787 utriusque
2024 1718 2217 1789 po'etae
2254 1715 2466 1777 iisdem

261 1810 424 1888 plane
467 1810 632 1889 typis
671 1829 969 1888 expressus
1008 1810 1122 1880 est)
1171 1806 1493 1867 Britannici
1536 1806 1594 1864 in
1633 1806 1980 1866 ,Iuvenalem
2023 1813 2469 1874 commentarius

244 1915 393 1975 ,octo
444 1905 746 1965 mensibus
789 1904 949 1983 prius
996 1903 1235 1982 prodiit,
1285 1921 1461 1980 quam
1518 1901 1634 1973 ille,
1680 1898 1854 1980 quem
1904 1903 2137 1980 scripsit
2179 1907 2363 1979 Valla,
2409 1919 2471 1969 et

265 2000 388 2061 baec
431 2011 524 2061 est
572 2001 763 2079 prima
811 2001 941 2079 ejus
982 1999 1185 2071 editio,
1235 2018 1375 2070 non,
1418 1998 1579 2078 quod
1627 1998 1948 2059 credebant
1992 2002 2357 2081 Hamberger
2408 2007 2468 2066 in

266 2099 478 2158 ruverl.
507 2098 739 2157 Nachn
766 2116 882 2156 von
915 2097 1069 2158 alten
1112 2094 1404 2157 Schriftst.
1434 2096 1514 2154 T.
1551 2111 1628 2155 11.
1660 2114 1722 2173 p.
1754 2103 1893 2165 270.
1922 2106 2072 2157 extr.
2100 2108 2163 2158 et
2189 2101 2328 2161 socii
2369 2102 2470 2162 Bi·

263 2196 509 2272 pontini,
560 2198 786 2255 Veneta
837 2214 895 2254 a.
950 2203 1149 2265 1499„
1205 2193 1296 2252 vel
1337 2193 1505 2263 adeo,
1563 2193 1722 2269 quod
1767 2193 2066 2253 Fabricius
2104 2196 2467 2261 existimasse

262 2292 507 2362 videtur,
562 2292 879 2352 Brixiensis
932 2311 988 2352 a.
1046 2298 1221 2350 1501.
1306 2288 1465 2348 Huic
1517 2290 1686 2349 aliam
1743 2289 1918 2349 fuisse
1963 2292 2344 2368 praemissam,
2394 2317 2466 2355 ex

259 2388 491 2467 praesat.
532 2388 679 2449 edit.
720 2388 1094 2448 Ascensianae
1127 2388 1255 2464 jam
1302 2385 1509 2446 docuit
1553 2386 1828 2446 Brixiam
1869 2387 2191 2449 Literatura
2230 2410 2293 2469 p.
2331 2400 2465 2453 145.

260 2487 543 2546 Venetam
586 2495 785 2545 autem
830 2487 985 2545 illam
1027 2485 1201 2545 fuisse
1245 2485 1516 2563 primam,
1565 2503 1769 2562 parum
1811 2485 2118 2562 probabile
2159 2497 2268 2548 est.
2352 2487 2466 2551 vix

257 2583 406 2643 enim
448 2602 751 2662 assequor,
804 2582 906 2661 q'ui
949 2580 1170 2642 factum
1210 2580 1305 2652 sit,
1357 2591 1422 2641 ut
1461 2581 1915 2641 commentarius
1955 2583 2265 2643 Britannici
2306 2588 2466 2664 prius

232 2680 513 2750 ,venetiis
542 2681 835 2750 ederetur,
865 2699 1040 2757 quam
1070 2678 1304 2748 Brixiae,
1348 2679 1449 2738 ubi
1477 2698 1596 2737 uon
1624 2678 1802 2738 modo
1829 2686 2040 2739 auctor
2064 2680 2319 2753 vivebat,
2363 2685 2469 2745 sed

254 2777 425 2836 etiam
469 2796 612 2836 cum
639 2776 840 2846 fratre,
888 2776 950 2835 ni
992 2775 1181 2845 fallor,
1231 2775 1709 2853 typographicam
1756 2775 2009 2835 habebat
2045 2776 2355 2849 officinam,
2408 2780 2466 2839 in

257 2892 373 2951 qua
413 2882 480 2933 et
526 2873 796 2932 Persium
839 2881 995 2932 certe
1037 2891 1108 2932 ac
1150 2871 1494 2932 juvenalem
1542 2890 1680 2929 cum
1729 2891 1943 2931 comm.
1988 2872 2084 2931 Jo.
2133 2873 2466 2948 Britannici,

254 2969 417 3029 illum
434 2971 567 3048 jam
600 2966 776 3029 1486.
796 2953 866 3029 ἐἱ
902 2976 1074 3028 1500.
1104 2968 1264 3027 hunc
1292 2986 1432 3025 vero
1460 2986 1516 3026 a.
1552 2973 1726 3025 1501.
1750 2987 2027 3027 excusum
2055 2988 2184 3029 esse
2212 2982 2464 3031 constat.

255 3069 393 3130 Non
438 3069 629 3127 minus
674 3077 870 3127 tamen
901 3066 1109 3125 mirum
1154 3064 1296 3124 mibi
1324 3064 1574 3135 videtur,
1621 3072 1738 3122 tam
1782 3064 2061 3143 insignem
2112 3077 2469 3129 commenta-

255 3166 405 3226 rium
426 3166 561 3243 jam
588 3185 646 3222 a.
677 3163 849 3224 1486.
877 3163 1199 3241 vulgatum,
1222 3182 1411 3242 neque
1437 3161 1623 3240 prius,
1646 3180 1820 3239 quam
1850 3181 1907 3220 a.
1932 3170 2130 3235 1499„
2157 3165 2465 3242 repetitum

253 3283 403 3322 esse.
492 3260 931 3338 Nequeetiam
976 3260 1276 3330 dissimilo,
1322 3260 1654 3338 exemplum
1694 3258 1836 3319 edit.
1867 3259 2026 3318 Brix.
2064 3259 2258 3332 1486„
2303 3262 2464 3339 quod

254 3359 501 3437 inspexi,
547 3367 607 3416 et
636 3356 875 3434 quidem
904 3356 1147 3435 primam
1176 3356 1303 3434 ejus
1330 3364 1575 3435 partem,
1615 3376 1750 3432 quae
1774 3356 1808 3415 J
1816 3355 2116 3416 uvenalcm
2146 3365 2205 3416 et
2234 3359 2466 3419 Comm.

252 3454 577 3515 Britannici
600 3453 1035 3531 complectitur,
1059 3453 1384 3512 mutilatam
1411 3472 1557 3523 esse,
1591 3463 1651 3511 et
1673 3463 1891 3530 praeter
1914 3451 2027 3510 alia
2055 3451 2197 3511 folia
2217 3456 2368 3528 (Sat.
2392 3472 2464 3515 x.

259 3550 605 3615 102—160.
655 3561 716 3609 et
758 3564 860 3609 xx.
896 3547 1178 3622 16--58.)
1219 3549 1536 3609 desiderari
1583 3550 1757 3608 etiam
1806 3559 2084 3620 extrema,
2135 3551 2284 3622 (Sat.
2316 3565 2465 3610 xvt.

261 3648 547 3721 14—60.)
597 3646 813 3724 quibus
855 3646 1008 3706 haud
1051 3646 1232 3705 dubie
1271 3645 1661 3723 impressionis
1702 3647 1888 3715 locus,
1935 3664 2121 3704 annus
2162 3653 2222 3702 et
2262 3655 2470 3707 auctor

251 3742 415 3805 fuere
469 3744 677 3803 notati.
759 3743 957 3802 Docta
997 3735 1201 3800 manus
1248 3740 1322 3800 ad
1367 3742 1590 3802 calcem
1638 3741 1937 3802 juvenalis
1967 3740 2241 3816 ascripsit
2298 3742 2463 3802 haec.

259 3841 565 3901 ‘Venetiis
613 3858 721 3918 per
758 3840 855 3898 Jo.
883 3825 1212 3897 Tacuinum
1260 3837 1335 3896 de
1362 3821 1612 3896 Tridino
1643 3854 1885 3896 mnxu.
1932 3837 2042 3895 die
2069 3850 2276 3897 xv111.
2310 3841 2466 3918 Aug.

258 3937 396 3996 Vid.
428 3935 732 3996 Maittaire
762 3934 952 3992 ludio.
981 3934 1190 3992 Anual.
1221 3935 1487 4012 Typogr.
1517 3951 1579 4009 p.
1612 3941 1750 3991 514.
1779 3938 1947 4008 (534)
1975 3942 2034 3991 et
2072 3933 2293 3992 confer.
2332 3955 2464 3995 cum

263 4033 579 4092 Lactantio
607 4050 715 4108 per
739 4032 840 4092 Jo.
868 4031 1203 4091 Tacuiuum
1231 4030 1306 4089 de
1334 4029 1577 4088 Tridino
1605 4049 1659 4088 a.
1697 4037 1848 4090 1502
1877 4040 1934 4088 et
1969 4036 2122 4098 1509
2147 4029 2471 4106 impressa·

264 4130 416 4197 Quae
457 4127 808 4204 conjectura
850 4146 922 4186 eo
950 4125 1233 4196 firmatur,
1265 4125 1423 4203 quod
1456 4125 1664 4184 mutila
1688 4125 1871 4185 editio
1907 4135 2102 4186 nostra
2129 4145 2244 4184 non
2282 4125 2466 4184 modo

232 4225 498 4286 ,eosdem
540 4226 712 4302 plane
750 4223 1063 4296 lectiones,
1112 4222 1366 4283 eundem
1408 4222 1643 4283 titulum
1685 4234 1742 4283 et
1772 4243 1908 4303 quae
1946 4224 2128 4283 hunc
2143 4221 2463 4298 excipiunt,

396 4320 573 4386 napa.
594 4325 642 4371 et
673 4321 790 4372 var.
818 4321 948 4370 cta.
1329 4320 1447 4369 suo.
1832 4352 1840 4358 .
2238 4319 2271 4365 4
2294 4314 2336 4364 r·
