3050 4913
1140 394 1594 447 JUVBNAMS.
2311 385 2484 453 1199

279 571 419 631 quas
445 570 692 632 prorsus
718 549 839 610 fere
866 538 1018 610 inter
1043 570 1107 609 se
1136 548 1443 610 convenire
1471 547 1604 623 jam
1632 547 1940 629 aliquoties
1966 550 2244 611 diximus.

1294 654 1465 712 1517.

349 744 661 806 Juvenum
687 761 814 802 cum
847 743 923 801 Α.
956 743 1315 801 Mancinelli
1339 743 1766 821 explanatione,
1810 743 2214 804 Coloniae—4.
2267 752 2441 815 1517.

354 843 722 902 Memoratut
749 840 804 897 in
833 838 1041 897 eodem
1073 838 1258 898 Catal.
1300 859 1361 917 p.
1388 847 1486 899 42.
1540 850 1597 898 et
1628 839 1821 898 forsan
1851 860 1969 898 non
2000 850 2221 900 tantum
2253 842 2486 902 Manci-

276 937 424 997 uello
443 937 701 1014 junctus
729 946 823 993 est
850 934 1090 1004 Badius,
1134 935 1237 995 sed
1271 936 1441 994 etiam
1463 935 1497 994 J
1506 936 1731 994 uvenali
1753 936 2003 1007 Persius,
2035 939 2135 1014 qui
2163 949 2318 997 certe
2340 959 2477 998 cum

276 1034 439 1093 novis
470 1032 937 1100 CommentariiS,
979 1049 1089 1088 nec
1119 1049 1235 1089 non
1286 1050 1419 1090 cum
1452 1032 1740 1109 Euphrasi
1768 1043 1828 1091 et
1876 1035 2124 1092 Scholiis
2167 1036 2264 1094 Jo.
2317 1037 2484 1094 Mur·-

274 1129 455 1189 mellii
503 1126 1030 1196 Ruremundensis,
1080 1127 1287 1186 eodem
1334 1146 1492 1186 anno
1535 1130 1798 1190 Coloniae
1851 1130 1911 1190 in
1972 1131 2204 1191 officina
2245 1132 2479 1192 libraria

272 1227 553 1298 Queutell
585 1226 749 1304 typis
775 1243 1088 1302 expressus
1114 1233 1234 1293 est.

346 1323 684 1392 Jnmalis,
726 1321 1140 1399 Lugduni—4.
1190 1328 1364 1389 1517.

346 1419 555 1497 Hujus
583 1418 729 1477 edit.
761 1421 1109 1477 mentionem
1137 1418 1362 1477 faciunt
1390 1420 1542 1478 socii
1570 1420 1890 1498 Bipontini,
1921 1422 2020 1500 qui
2051 1442 2167 1480 non
2192 1421 2338 1480 male
2357 1441 2481 1481 sus-

270 1516 571 1596 picantur,
615 1536 743 1575 eam
792 1535 921 1574 esse
965 1515 1369 1592 repetitionem
1413 1517 1506 1575 ed.
1555 1517 1742 1595 Lugd.
1794 1526 1964 1578 1512.
2009 1519 2120 1577 nisi
2170 1519 2320 1577 forte
2368 1537 2479 1596 pro

272 1612 482 1672 eudem
508 1610 785 1671 habenda
811 1619 921 1680 est,
949 1621 1009 1670 et
1024 1630 1226 1670 annus
1256 1611 1457 1671 vitiose
1486 1614 1775 1690 ascriptus
1809 1624 1982 1683 1517.
2015 1634 2123 1692 pro
2159 1622 2330 1676 1512.
2375 1615 2483 1674 llla

273 1710 621 1785 conjectura
649 1708 697 1766 si
727 1728 859 1767 vera
887 1718 994 1779 est,
1027 1709 1155 1768 haec
1182 1708 1362 1767 editio
1390 1718 1481 1768 est
1508 1709 1871 1769 Ascensiana
1900 1731 2074 1782 noua,
2119 1713 2204 1770 vel
2234 1712 2403 1783 adeo,
2432 1710 2480 1770 si

276 1790 670 1874 coloniensis,
722 1805 902 1863 modo
932 1815 1270 1875 memorata,
1313 1806 1475 1883 prius
1502 1807 1671 1883 prelo
1699 1807 1857 1877 exiit,
1900 1818 1961 1866 et
1988 1818 2112 1868 tum
2142 1809 2325 1877 Badii,
2353 1820 2479 1868 tum

276 1902 621 1963 Mancinelli
647 1900 1114 1979 explanationem
1144 1901 1422 1972 continet,
1453 1901 1701 1961 decima.

1290 2006 1465 2058 1518.

346 2097 577 2155 Veneta
613 2111 809 2155 xxw.
874 2096 1177 2155 Juvenalis
1201 2103 1258 2154 et
1291 2097 1496 2155 Peru'i
1524 2095 1783 2174 Satyrae,
1826 2095 2269 2158 Venetiis-fol,
2307 2106 2481 2159 1518.

350 2193 417 2252 Si
446 2191 599 2251 fides
628 2190 898 2250 habenda
926 2191 1295 2250 Henniniano
1322 2191 1503 2250 indici
1529 2193 1693 2252 editt.
1736 2193 1770 2252 J
1778 2195 2051 2252 uvenaliS.

350 2291 385 2320 ⁸
426 2294 511 2363 (u.
534 2287 665 2361 66.)
704 2287 884 2346 dunin·
907 2285 1214 2348 Juvenum
1240 2289 1561 2366 Aquinate}
1585 2291 1745 2347 inter
1769 2289 1989 2349 latinos
2014 2291 2484 2370 satyrograplws

275 2386 773 2449 mli-stimi
802 2384 1046 2463 Satyroe
1070 2384 1444 2443 maculatim
1470 2386 1789 2464 impreuae.

1189 2481 1265 2541 fl.
1351 2483 1422 2541 B.
1504 2484 1572 2542 P.

602 2579 922 2656 Vergilium
954 2586 1018 2637 ut
1047 2597 1217 2637 nemo
1246 2578 1380 2638 vicit
1411 2579 1533 2638 fera
1562 2579 1714 2638 bella
1743 2578 2030 2650 canendo,

688 2677 914 2754 Regnat
945 2687 1009 2733 ut
1037 2674 1362 2752 imparibus
1390 2676 1550 2735 Naso
1579 2682 1754 2753 poeta
1783 2674 1991 2745 modis,

607 2774 808 2851 thue
836 2772 1032 2852 placet
1059 2772 1252 2850 lyricis
1281 2773 1443 2831 solus
1470 2772 1801 2832 Venusinus
1825 2773 1881 2831 in
1907 2773 2064 2845 odis,

688 2871 980 2946 Musaque
1004 2877 1070 2928 ut
1097 2867 1154 2926 in
1184 2868 1399 2945 lepidis
1426 2868 1755 2927 Bilbilitana
1777 2869 1958 2944 jocis,

598 2966 801 3042 thue
832 2964 1058 3026 Umbro
1087 2964 1333 3022 multum
1363 2962 1544 3023 debet
1574 2965 1859 3025 Comedia
1887 2966 2115 3037 Plauto,

692 3061 921 3121 Emicat
947 3072 1011 3118 ut
1041 3061 1227 3118 Mimo
1257 3059 1501 3117 Publius
1532 3060 1655 3137 ipse
1679 3080 1803 3131 sue,

608 3159 897 3217 Pacuvius
924 3156 1088 3216 docti
1115 3156 1331 3214 famam
1361 3156 1536 3226 senia,
1576 3157 1792 3215 Accius
1820 3156 1923 3217 alti

692 3255 771 3314 Ut
795 3253 970 3330 capit,
1009 3253 1066 3311 in
1098 3253 1321 3330 tragico
1349 3255 1542 3313 clarus
1572 3263 1815 3331 uterque
1842 3252 1995 3331 pede
2019 3275 2036 3322 ;

606 3351 706 3409 Sic
735 3350 1018 3411 Juvenale
1048 3370 1175 3408 meo
1200 3355 1334 3424 (nec
1364 3351 1544 3409 verba
1574 3351 1703 3410 haec
1734 3350 1902 3410 testis
1923 3351 2206 3430 egebunt)

691 3449 756 3505 ln
786 3449 991 3525 Satyra
1020 3447 1243 3505 nullum
1272 3448 1480 3507 clarius
1498 3459 1661 3507 extat
1688 3467 1852 3527 opus.

279 3549 351 3607 Iu
379 3546 535 3606 fine:
582 3552 600 3577 ⁸
627 3544 897 3603 Sedecim
931 3544 963 3602 J
972 3544 1229 3603 uveualis
1256 3556 1468 3623 satyrae
1512 3543 1726 3604 finiunt
1756 3545 2116 3623 Argentinae
2165 3562 2267 3620 per
2294 3541 2488 3619 provi-

280 3644 419 3703 dum
450 3644 643 3700 virum
672 3643 958 3701 loannem
990 3641 1344 3700 Knobloucb
1373 3662 1608 3700 excusae
1638 3641 1802 3700 nonis
1822 3640 2273 3701 ,ianuariis—4.
2311 3646 2494 3700 1518.-

360 3741 659 3799 Praeclara
686 3737 868 3796 editio
911 3748 971 3797 et
1000 3758 1150 3797 nova
1177 3739 1472 3797 Juvenalis
1499 3739 1783 3808 recensio,
1826 3757 1962 3814 quae
1990 3747 2212 3795 textum
2243 3734 2486 3812 quidem,

284 3837 573 3895 Ald‘mum
604 3855 715 3913 pro
744 3835 1129 3893 fundamento
1158 3837 1376 3913 posuit,
1418 3835 1518 3893 sed
1550 3835 1733 3893 multa
1760 3834 1817 3891 in
1845 3854 1916 3892 eo
1947 3852 2018 3890 ex
2048 3831 2301 3910 antiquis
2329 3831 2491 3892 tibris

283 3933 556 3992 correxit.
646 3934 877 3990 Recusa
923 3942 1014 3991 est
1056 3952 1111 3991 a.
1171 3939 1346 4000 1527.
1389 3933 1493 3992 sed
1541 3932 1668 4009 quis
1715 3931 1769 3990 ei
1812 3930 2105 4009 praefuerit
2136 3931 2221 3988 vir
2247 3931 2488 4001 doetus,

178 4029 183 4030 ⁷
289 4028 445 4088 hand
473 4037 852 4106 compertum
882 4028 1089 4088 habeo.

1302 4131 1476 4194 1519.
1627 4177 1636 4182 .
2411 4169 2412 4172 =

367 4220 399 4251 ‘
437 4219 812 4280 Ascensiaua
838 4236 939 4280 lx.
978 4242 1028 4281 s.
1058 4237 1159 4281 141.
1188 4220 1262 4279 de
1292 4241 1413 4298 quo
1452 4241 1506 4281 v.
1537 4221 1612 4280 ad
1643 4221 1832 4300 Lugd.
1891 4228 2065 4287 1517.
2107 4224 2186 4295 (n.
2218 4218 2345 4291 65.)
2379 4217 2493 4276 Ju-
