3050 4913
1131 410 1379 464 Pssnsn
1440 409 1615 462 saT.
1659 413 1712 462 1.

286 553 424 620 guen]
457 542 604 607 ‘Hine
649 556 998 620 proverbium,
1034 556 1097 605 ad
1137 570 1357 620 unguem,

288 647 383 697 pro
408 644 479 683 re·
500 631 738 698 perfecta
775 639 831 682 et
866 632 1099 682 omnibus
1129 633 1355 682 numeris

287 706 736 771 absolutae—Scit,
757 710 861 774 ξω]
891 708 1182 759 Secundum
1207 722 1358 771 argu·

286 791 519 835 mentum
561 798 593 831 a
636 784 1029 847 comparatione
1078 783 1354 843 similium3

285 859 338 910 id
382 866 482 922 est,
525 858 656 908 Tam
701 867 847 908 recte
890 873 1095 908 versum
1149 857 1357 919 scribit,

286 951 442 1001 quam
465 934 599 984 fabri
627 935 835 998 lignarii
866 936 1075 997 lineam,
1106 949 1355 997 normam,

286 1019 378 1062 aut
414 1010 841 1075 perpendiculum
879 1009 1089 1060 rubrica
1121 1016 1175 1059 et
1207 1020 1358 1059 creta

283 1095 491 1139 notant.
557 1086 827 1151 Significat
845 1087 1097 1152 optimum
1114 1087 1356 1137 carminis

284 1165 526 1228 opificem
562 1171 620 1214 et
651 1162 1217 1226 artificem—Tendere]
1247 1164 1357 1212 De-

285 1241 500 1303 dncere,
536 1240 777 1303 dirigere,
810 1239 1089 1301 collimare,
1120 1245 1180 1288 ut
1202 1245 1257 1288 et
1278 1253 1356 1288 sa-

284 1318 482 1381 gittarii
501 1317 762 1367 clauditur
778 1330 910 1365 unus
926 1315 1122 1378 oculus,
1135 1329 1197 1365 ne
1214 1316 1355 1365 visus

284 1393 573 1443 dividatur.
609 1392 757 1442 Idem.
1044 1422 1045 1427 =

348 1475 417 1520 66
455 1471 565 1520 Non
585 1470 737 1533 secus]
772 1470 891 1519 Non
931 1470 1104 1531 aliter,
1125 1476 1279 1535 atque
1314 1469 1357 1521 si

286 1540 434 1596 faber
459 1546 703 1609 lignarius
724 1561 852 1611 opus
872 1546 935 1595 ad
960 1547 1197 1597 amussim
1211 1552 1264 1596 et
1278 1561 1356 1596 re-

286 1623 458 1686 gulam
500 1623 779 1685 examinet,
824 1629 880 1671 et
912 1623 1100 1672 lineam
1140 1629 1356 1686 rectam,

285 1712 466 1747 norma
489 1711 584 1761 per
608 1697 864 1748 rubricam
887 1704 1067 1748 notata
1088 1698 1279 1763 dirigat
1302 1706 1359 1749 et

285 1773 885 1839 apponat.÷-Rubricmu]
918 1774 1099 1824 Solent
1122 1775 1259 1825 enim
1279 1773 1357 1825 fa·

286 1849 369 1899 bri
391 1850 844 1912 lignariianiussim
863 1850 1088 1914 rubrica,
1108 1857 1257 1901 creta
1270 1852 1356 1902 vel

284 1931 579 1976 atramento
602 1931 802 1989 notare,
822 1933 879 1976 et
908 1927 1036 1976 illud
1070 1926 1134 1976 ad
1156 1926 1356 1990 lignum

287 2001 596 2064 transferre,
617 2002 731 2066 ipsa
761 2016 940 2052 norma
961 2002 1155 2066 lignum
1178 2001 1358 2052 verbe-

285 2078 468 2141 rando,
486 2085 549 2128 ut
565 2077 831 2141 designent
844 2077 965 2142 quid
987 2078 1355 2141 amputandum

285 2153 374 2216 sit,
398 2160 454 2203 et
474 2168 576 2219 quo
600 2160 751 2216 pacto
776 2168 904 2218 opus
915 2154 987 2204 sit
1012 2153 1353 2218 dirigendum.

289 2230 438 2279 Oculo
451 2229 564 2292 uno]
597 2231 714 2279 Uno
731 2230 966 2279 nimirum
981 2230 1173 2293 clauso,
1189 2231 1354 2280 altero

285 2313 491 2370 aperto,
512 2312 573 2354 ut
602 2305 751 2354 lineae
774 2304 1143 2354 rectitudinem
1168 2306 1356 2354 exami-

286 2389 432 2440 nent,
456 2395 524 2430 ne
548 2395 680 2445 vago
700 2381 966 2431 amborum
986 2383 1249 2431 oculorum
1268 2382 1355 2432 ob·

282 2465 425 2523 tntu,
471 2474 649 2510 norma
708 2456 1032 2508 rectitudinis
1099 2458 1353 2509 turbetur.

282 2535 505 2585 Turneb.
531 2548 734 2585 xxvm.
754 2539 837 2586 26.

349 2616 414 2661 67
449 2612 581 2676 Siue,
600 2614 708 2677 ξω]
725 2612 957 2662 Tertium
981 2619 1356 2677 argumentum,

286 2702 317 2738 a
336 2689 516 2753 quavis
534 2689 753 2739 materia
769 2689 1106 2753 subjecta,de
1128 2705 1230 2755 qua
1243 2705 1354 2753 gra-

285 2764 490 2814 vissime
513 2771 569 2814 et
592 2764 897 2828 politissime
920 2780 1124 2815 carmen
1146 2765 1356 2816 scribat.

284 2841 542 2892 Declarat
567 2841 623 2891 id
656 2856 815 2891 causa
849 2840 1145 2901 efficiente;
1182 2842 1356 2891 Musa-

286 2932 400 2968 rum
433 2917 634 2968 scilicet
667 2919 1023 2981 inspiratione.
1065 2918 1357 2969 Lamnas.—

290 2995 422 3059 Opus
442 2995 510 3059 in,
529 2995 638 3058 ζα]
671 2995 736 3043 Τὸ
758 3011 872 3059 opas
903 2994 1139 3045 bifariam
1181 3002 1356 3058 potest

284 3071 473 3135 exponi
495 3088 510 3121 τ
548 3073 656 3121 sive
676 3087 805 3135 opus
828 3073 894 3123 sit
916 3072 970 3121 in
988 3088 1156 3122 mores
1175 3073 1352 3123 evehi:

285 3149 390 3211 vel,
430 3148 539 3197 sive
582 3163 709 3211 opus
747 3147 904 3198 fixerit
945 3149 1241 3198 institutum
1288 3150 1355 3198 ab

284 3222 395 3284 illo,
416 3224 663 3273 adversus
688 3237 875 3272 mores.
946 3226 1081 3287 Opus
1111 3231 1282 3273 autem
1302 3225 1357 3273 in

286 3311 438 3348 nores
458 3303 506 3347 et
525 3300 707 3360 luxum,
730 3299 1048 3362 interpretor
1073 3299 1139 3349 de
1170 3299 1356 3363 'satyri-

285 3389 350 3424 co
384 3374 616 3438 scripto:
656 3375 789 3438 quod
828 3374 1069 3424 videntur
1103 3391 1165 3424 ea
1199 3381 1356 3426 aetate

283 3450 434 3500 multi
477 3457 724 3510 tentasse,
769 3450 954 3514 partim
1001 3450 1224 3500 carmine
1267 3451 1356 3500 he-

285 3526 449 3586 roico,
474 3534 531 3574 ut
552 3526 782 3589 Persius,
799 3526 986 3589 partim
1011 3541 1107 3589 per
1128 3533 1356 3590 satyram

284 3601 459 3650 mixtis
476 3601 707 3650 oratione
728 3609 783 3650 et
801 3616 968 3662 versu,
986 3608 1044 3650 ut
1063 3602 1355 3651 Petronius.

287 3677 409 3727 Non
453 3678 707 3727 assentior
752 3678 917 3727 veteri
970 3678 1244 3740 interpreti
1300 3683 1358 3728 et

285 3755 400 3804 aliis
424 3755 510 3819 qui
531 3770 685 3803 mores
717 3754 783 3803 de
805 3754 1058 3804 comoedia
1079 3754 1358 3817 accipiunt,

281 3831 447 3881 ιιι-πω
488 3831 553 3880 de
594 3840 790 3895 satyra.
852 3831 1173 3880 cmabom.
1198 3859 1262 3868 —
1289 3832 1355 3880 Et

279 3907 487 3972 prandia
518 3909 707 3970 regum]
746 3908 1001 3971 Intelligit
1023 3907 1355 3970 Tragoedias3

281 3990 342 4033 ut
362 3982 640 4048 prandium
673 3984 844 4046 Terei,
878 3999 1076 4034 coenani
1098 3981 1355 4047 Thyestae.

345 4141 412 4186 68
447 4137 546 4186 Res
581 4137 805 4199 grandes,
843 4136 946 4200 ξι]
993 4138 1124 4189 Quae
1166 4136 1357 4186 intelli-

283 4212 453 4279 genda
479 4220 683 4262 tantum
716 4212 782 4262 de
806 4211 1098 4277 OE'ragoedia.
1164 4213 1357 4276 Satyra

284 4289 422 4340 enim
464 4289 716 4352 populare
762 4294 819 4337 et
860 4287 1055 4338 humile
1099 4287 1355 4354 scriptum

412 4368 592 4433 Dezpk.
613 4372 659 4418 et
690 4367 805 4416 Var.
825 4367 952 4419 Clas.

2364 396 2502 485 2091

1434 559 1534 604 est.
1573 550 1801 617 Intelligi
1807 557 1829 603 t
1847 557 2019 603 autem
2042 566 2139 618 per
2157 553 2256 604 Res
2273 554 2500 617 grandes,

1432 645 1663 694 magnas,
1696 637 1753 680 et
1789 630 2122 695 ponderosas,
2154 630 2416 694 sublimes,
2444 637 2504 681 et

1435 706 1594 755 verba
1648 705 1850 756 decoris
1905 713 1962 756 et
2012 706 2280 771 gravitatis
2328 707 2504 771 plena.

1432 781 1854 834 Lubin.—Nostro
1873 784 1978 847 dut,
1999 783 2106 846 δῖα]
2137 783 2277 833 Huic
2299 782 2366 832 de
2397 796 2502 849 quo

1432 857 1726 923 loquimur:
1760 865 1881 909 sunt
1903 860 2035 909 enim
2056 860 2232 925 populi
2249 859 2408 909 verba
2422 874 2502 909 re·

1432 935 1599 985 centis
1620 935 1786 985 adhuc
1810 950 1841 985 e
1865 936 2048 986 Poetae
2071 936 2341 1000 cujusdam
2371 936 2504 987 reci·

1431 1011 1658 1079 tatione:
1695 1012 1790 1060 sed
1829 1012 2092 1061 Neronem
2133 1013 2395 1077 praecipue
2428 1012 2505 1062 in·

1433 1086 1602 1151 telligi
1614 1086 2027 1137 existimantibus
2040 1088 2365 1140 assentimur.
2385 1090 2503 1139 cw-

1432 1161 1601 1211 nabori.

1496 1241 1562 1287 09
1597 1239 1738 1301 Ecce,
1758 1239 1866 1304 gna]
1897 1237 2057 1289 Aliud
2094 1238 2326 1291 Poeticae
2361 1241 2503 1293 vani-

1432 1312 1555 1363 tatis
1586 1320 1959 1377 argumentum,
1993 1314 2131 1379 qnod
2159 1316 2359 1380 majora
2380 1317 2502 1367 viri·

1432 1390 1529 1441 bns
1551 1393 1974 1457 aggrederentur,
1997 1400 2052 1444 et
2087 1409 2204 1444 cum
2234 1409 2301 1444 ne
2334 1395 2499 1446 humi·

1431 1467 1567 1517 libus
1600 1468 1808 1534 quidem
1840 1469 2074 1520 materiis
2108 1471 2328 1521 dextere
2362 1478 2499 1523 trac·

1436 1544 1605 1594 tandis
1644 1542 1961 1609 sufficerent,
1995 1548 2228 1598 materiis
2260 1548 2502 1612 gravissi-

1432 1618 1532 1670 mis
1569 1636 1746 1670 manus
1785 1622 2194 1674 admolirentur:
2238 1625 2500 1675 Praeclare

1434 1696 1500 1745 de
1523 1697 1603 1746 his
1628 1698 1883 1748 Horatius
1904 1715 1918 1748 ε
1954 1700 1969 1727 ‘
1992 1699 2194 1750 Sumite
2229 1701 2502 1752 materiam

1432 1773 1640 1837 vestris,
1678 1775 1766 1839 qui
1789 1775 2031 1841 scribitis,
2054 1791 2252 1842 mquam
2274 1777 2507 1842 Viribus,

1432 1854 1489 1897 et
1520 1856 1728 1899 versate
1762 1849 1867 1915 diu,
1900 1850 2024 1915 quid
2065 1850 2202 1901 ferre
2240 1860 2503 1914 recusent,

1434 1923 1576 1974 Quid
1612 1924 1820 1975 valeant
1859 1925 2310 1992 hamul—Eece]
2342 1927 2505 1978 Quasi

1431 2013 1541 2049 rem
1564 2012 1749 2050 novam
1774 2008 1830 2051 et
1859 2000 2144 2052 inauditam
2178 2002 2500 2067 incepturus.

1412 2075 1685 2125 '-—Heroas
1722 2077 1906 2140 sensus]
1967 2077 2225 2142 Intelligit
2265 2078 2500 2129 heroicas

1430 2152 1689 2217 materias,
1709 2154 1889 2218 quales
1926 2160 2158 2205 tractant
2195 2155 2363 2218 Epici,
2385 2162 2502 2207 sen'-

1432 2228 1622 2279 tentias
1646 2236 1702 2279 et
1722 2229 1963 2280 materias
1996 2242 2195 2294 graves,
2224 2231 2491 2283 sublimes:

1428 2305 1607 2366 posuit
1643 2310 1818 2355 autem
1852 2306 2039 2356 Heroas
2070 2321 2166 2370 pro
2200 2306 2387 2356 Heroos
2420 2308 2503 2357 vel

1430 2379 1676 2430 Hernicos.
1692 2408 1757 2417 —-
1775 2381 2005 2445 Adferre]
2062 2381 2329 2446 Proferre,
2375 2384 2502 2433 scri·

1431 2454 1574 2519 bere,
1597 2464 1652 2507 et
1675 2456 2314 2521 producere—Ducem]
2351 2460 2502 2524 Legi-

1431 2541 1516 2583 tur
1536 2533 1588 2583 in
1612 2535 1742 2595 aliis,
1761 2535 1983 2584 uidemus.
2014 2535 2201 2584 Lubin.

1493 2615 1559 2660 70
1614 2611 1823 2673 Nugnri,
1864 2610 1968 2674 qa]
2023 2610 2127 2661 Qui
2171 2616 2326 2660 antea
2370 2625 2502 2661 vana

1430 2687 1666 2752 quoedam
1723 2686 1975 2737 Poemata
2019 2693 2075 2736 et
2113 2688 2502 2752 Epigrammata

1431 2765 1620 2814 Graeca
1651 2763 1889 2812 solebant
1911 2763 2155 2821 condere,
2176 2763 2371 2826 illijam
2393 2779 2504 2813 om·

1431 2840 1515 2889 nia
1537 2846 1745 2889 tentant
1767 2839 2025 2889 sublimia.
2093 2839 2290 2902 Nugari
2318 2840 2501 2902 solitos,

1430 2915 1485 2964 id
1529 2921 1627 2977 est,
1666 2914 1754 2979 qui
1801 2914 1988 2964 Graece
2031 2915 2269 2964 solebant
2321 2930 2500 2965 versus

1431 2991 1673 3042 scribere.
1713 2991 1938 3041 Lubinus.
2008 2990 2104 3040 Vel
2145 2991 2384 3056 intelligit
2407 3007 2504 3057 pu-

1430 3070 1601 3118 erulos
1635 3070 1720 3118 vix
1746 3069 1912 3119 adhuc
1935 3069 2125 3132 primas
2148 3070 2350 3119 litteras
2382 3070 2507 3120 doc·

1432 3153 1531 3196 tos.
1598 3148 1677 3194 Ea
1698 3146 1832 3195 enim
1859 3152 2017 3194 aetate
2042 3146 2281 3207 Romani,
2317 3160 2506 3209 puero-

1432 3239 1542 3273 rum
1565 3223 1735 3273 stndia
1758 3238 1789 3271 a
1813 3224 2012 3273 Graecis
2035 3224 2231 3273 litteris
2268 3224 2506 3287 auspica-

1429 3301 1637 3350 bantur.
1685 3300 2135 3360 casaubon—Nec,
2178 3300 2283 3364 ἃμ]
2343 3301 2503 3350 Pueri

1430 3387 1548 3426 cum
1572 3377 1792 3440 primum
1815 3378 2077 3427 rhetorum
2114 3378 2347 3426 Scholam
2368 3377 2507 3426 salu·

1432 3458 1691 3514 taverant,
1714 3453 1905 3514 egressi
1929 3467 1958 3501 e
1983 3452 2335 3501 Grammatico
2355 3450 2502 3513 ludo,

1431 3529 1745 3579 exercebant
1768 3530 1958 3591 stylum
1984 3529 2037 3576 in
2061 3526 2502 3591 descriptionibus

1431 3619 1493 3652 ac
1532 3604 1914 3653 narrationibus
1959 3604 2236 3652 historicis.
2297 3603 2503 3653 Casmab.

1432 3680 1536 3731 Qui
1553 3695 1616 3729 ne
1636 3687 1834 3729 tantum
1853 3679 2060 3743 quidem
2080 3680 2132 3727 in
2151 3686 2266 3729 arte
2281 3678 2504 3730 Poetica

1433 3756 1788 3819 profecvrunt,
1828 3763 1883 3803 ut
1920 3757 2086 3804 lucum
2121 3762 2266 3805 recte
2302 3755 2503 3819 possint

1432 3832 1750 3893 describere,
1783 3838 1837 3881 et
1871 3846 1955 3879 rus
1978 3838 2227 3892 saturum,
2257 3839 2313 3881 et
2347 3832 2504 3882 uber-

1434 3914 1543 3957 tate
1569 3906 1830 3956 fructuum
1856 3921 2108 3956 amoenum
2132 3907 2360 3957 laudare.
2406 3908 2506 3957 Ar-

1431 3983 1583 4048 tifices
1614 3998 1787 4045 ponere
1822 3990 1917 4044 est,
1950 3997 2052 4031 uon
2089 3984 2218 4032 satis
2258 3984 2407 4048 gnari
2450 3991 2507 4034 et

1432 4059 1587 4123 periti
1606 4058 1832 4108 artifices
1852 4058 1916 4108 ad
1936 4060 2248 4122 ponendum.
2276 4059 2504 4109 Turneb-

1432 4149 1506 4183 ιι.
1532 4135 1884 4198 31.—Lucum]
1901 4136 2097 4185 Silvam
2111 4136 2334 4200 aliquam
2348 4149 2510 4186 amma

1433 4226 1552 4260 nam
1571 4219 1627 4260 et
1649 4211 1956 4275 incaeduam,
1979 4212 2136 4262 alicui
2156 4209 2368 4263 Numini
2382 4223 2504 4260 eon·

1433 4293 1711 4338 secratam.
1749 4285 1922 4337 Lubin.

1325 4366 1463 4417 Pers.
2321 4363 2374 4416 Ο
