3050 4913
532 341 768 412 clxviii

534 503 712 568 labant
733 504 878 555 corvi
912 503 978 554 ad
1011 501 1248 553 Cimbros
1272 509 1605 572 stragemque

534 567 646 630 viii,
668 573 764 618 251
831 570 1089 619 volantem
1111 566 1316 619 fabrum
1334 569 1371 630 i,
1390 573 1453 618 54
1522 583 1606 617 vo·

531 632 663 683 lanti
683 634 898 684 cultello
930 642 1244 684 structorem
1279 642 1486 697 spectes
1509 634 1608 683 sel-

539 703 738 747 tantem
763 713 813 759 ν,
838 703 930 749 121

545 819 546 822 ¹
599 762 879 827 Volcanus,
900 770 956 813 ut
979 763 1177 826 volgus,
1193 764 1392 825 volnus,
1416 763 1611 828 volsu8‚

539 827 711 878 voltus
734 828 772 888 i,
791 833 825 878 9

597 891 815 942 Volesos
839 892 1162 956 Brutumque
1185 892 1467 955 decebant,
1492 907 1608 957 quae

536 963 625 1008 tur
666 956 716 1005 ia
740 953 954 1006 cerdoni
981 955 1086 1016 viii,
1109 960 1203 1005 182
1602 1002 1607 1006 .

652 1022 737 1070 olo
760 1021 878 1080 hoc,
901 1021 976 1069 sic
991 1021 1173 1084 jubeo,
1195 1021 1263 1069 sit
1290 1035 1383 1082 pro
1407 1020 1611 1070 ratione

541 1085 783 1135 voluntas
809 1087 880 1147 vi,
903 1089 998 1135 223
1065 1100 1162 1134 uec
1188 1085 1320 1146 volo,
1358 1100 1456 1134 nec
1496 1100 1615 1150 pos-

1373 359 1620 408 mmlx
1670 360 1937 409 RERUM

1681 502 1911 552 laemonis
1932 507 2096 552 artem
2111 497 2178 561 vi,
2188 506 2287 553 452
2339 503 2480 568 quod
2499 517 2680 554 aurum
2701 504 2755 555 in

1681 582 1821 618 mare
1844 568 2018 631 Tagus
2041 573 2095 616 et
2117 567 2367 620 Pactolus
2406 567 2480 630 iii,
2515 575 2598 618 55.
2647 569 2756 630 xiv,

1681 634 1780 682 299
1829 633 2004 681 volvas
2025 646 2313 697 quanquam
2336 634 2505 683 omnia
2525 640 2759 696 syrmata

1683 712 1714 745 a
1739 697 1940 760 Pyrrha
1961 712 2046 754 xv,
2067 701 2130 745 30
2197 696 2513 762 Philippica,
2535 698 2757 748 volveris

1685 777 1716 810 a
1733 762 1898 823 prima
1915 776 2029 825 quae
2049 762 2283 825 proxima
2300 778 2351 826 x,
2374 767 2467 812 126
2518 764 2760 813 volvente

1683 834 1871 875 natura
1898 826 2035 875 vices
2059 834 2113 874 et
2136 827 2261 875 lucis
2281 834 2336 876 et
2358 828 2479 876 anni
2497 827 2610 892 xiii,
2626 831 2690 878 88

1748 891 2020 953 Voluptas,
2061 891 2249 954 gaudia
2283 897 2384 940 cet.
2420 893 2453 955 i,
2486 896 2548 941 85
2617 891 2759 941 nulla

1684 955 1836 1018 hujus
1883 954 1986 1003 rari
2029 955 2314 1019 summique
2361 956 2502 1018 boni,
2555 955 2759 1022 quoties

1686 1029 1789 1069 cet.
1816 1019 1884 1082 vi,
1907 1024 2000 1069 179
2067 1022 2317 1083 quantula
2339 1028 2518 1070 nostra
2556 1021 2628 1083 vi,
2660 1023 2759 1071 254

1690 1099 1825 1147 quae,
1845 1089 2091 1133 cantante
2111 1084 2398 1134 citharoedo
2422 1101 2479 1148 x,
2494 1090 2593 1136 210
2658 1100 2764 1136 ωι-

536 1164 649 1200 sum
686 1150 839 1199 sunus
877 1149 1184 1213 promittere
1225 1149 1390 1213 patris
1431 1150 1612 1225 tiu-44
1679 1148 1770 1211 jor
1795 1149 1895 1198 ista
1924 1149 2136 1198 alterius
2169 1163 2323 1198 sexus
2361 1149 2433 1209 xi,
2465 1155 2561 1200 166
2629 1147 2761 1200 sem-

537 1213 615 1263 vis
638 1221 693 1264 tu
715 1216 805 1278 (al.
830 1213 933 1263 vin'
961 1213 1041 1274 tu)
1081 1215 1252 1264 audax
1275 1214 1496 1264 conviva
1517 1229 1610 1264 im-

576 1278 672 1328 leri
696 1287 800 1328 cet.
833 1294 885 1342 ν,
904 1283 969 1328 74
1036 1279 1079 1327 si
1119 1279 1193 1329 vis
1229 1293 1344 1329 esse
1366 1280 1434 1327 ali
1475 1278 1550 1330 nis
1573 1279 1610 1340 i,

571 1346 603 1393 4
668 1343 939 1393 consilium
961 1342 1004 1392 si
1022 1343 1097 1393 vis
1115 1358 1168 1401 x,
1183 1348 1281 1394 346
1347 1344 1422 1391 vis
1471 1350 1611 1392 rater

538 1406 608 1456 ab
645 1407 772 1472 ipsis
820 1407 976 1457 ilibus
1014 1424 1064 1469 v,
1103 1412 1195 1458 135
1273 1408 1315 1457 si
1351 1408 1424 1456 vis
1457 1408 1609 1457 aliam

538 1470 828 1537 decerpere
849 1471 1004 1522 ficum
1044 1473 1152 1533 xiV,
1185 1476 1282 1521 253
1350 1473 1493 1522 visne
1530 1487 1611 1521 sa-

537 1535 695 1601 lutari
735 1537 870 1587 sicut
910 1536 1132 1601 Sejanus
1151 1537 1313 1586 ?-—vis
1335 1546 1478 1586 certe
1505 1536 1610 1601 pila

538 1607 643 1677 cet.
666 1616 720 1664 x,
739 1605 822 1661 90,
844 1606 909 1652 94
976 1603 1087 1650 vult
1107 1602 1309 1666 qualem
1326 1617 1438 1651 esse
1458 1602 1611 1651 Cere·
1651 1612 1655 1616 ·

539 1680 609 1715 ru
627 1665 871 1716 sacerdos
895 1682 982 1727 xv,
1005 1670 1094 1715 141
1166 1665 1371 1730 quaudo
1388 1666 1612 1716 formosa

541 1728 705 1779 videri
730 1731 869 1781 domi
907 1731 978 1789 vi.
999 1735 1096 1781 465
1165 1731 1254 1794 qui
1296 1731 1442 1781 dives
1480 1730 1613 1791 fieri,

539 1801 598 1844 et
640 1795 745 1844 cito
787 1797 900 1844 vult
944 1794 1056 1843 fieri
1102 1795 1208 1851 xiv,
1252 1799 1347 1844 176
1430 1795 1613 1845 volunt

540 1859 675 1908 scire
713 1865 916 1909 secreta
955 1860 1130 1907 domus
1167 1859 1243 1921 iii,
1282 1863 1376 1910 113
1443 1874 1614 1923 posse,

538 1922 628 1987 qui
650 1924 834 1973 nolunt
857 1924 1096 1974 occidere
1128 1937 1436 1989 quemquam
1473 1939 1528 1988 x,
1550 1928 1614 1973 97

542 1988 707 2037 voluit
740 1988 945 2052 quoties
978 1988 1210 2037 Fortuna
1239 1989 1409 2050 jocari
1445 1987 1514 2052 iii,
1550 1992 1615 2038 40

541 2052 655 2115 ipse
699 2052 943 2101 rhombus
984 2052 1102 2116 capi
1145 2053 1215 2113 iv,
1254 2056 1319 2101 69
1400 2054 1616 2102 voluere

541 2115 779 2179 msJores,
819 2124 1193 2180 praeceptorem
1230 2130 1345 2166 esse
1382 2117 1614 2180 parentis

540 2178 709 2232 sancti
731 2180 844 2230 loco
870 2179 959 2241 vii,
980 2183 1080 2231 209
1146 2181 1285 2231 voles
1304 2181 1618 2246 qualiacum-

542 2259 667 2358 que,
705 2243 879 2296 Judaei
912 2244 1111 2294 somnia
1134 2245 1369 2298 vendunt
1409 2244 1480 2306 vi,
1518 2250 1614 2297 547

579 2323 610 2358 e
644 2323 970 2374 quocumque
1005 2324 1254 2373 proavum
1295 2309 1389 2360 tibi
1426 2309 1616 2361 sumito

544 2373 678 2423 libro
722 2373 830 2435 viii,
876 2377 967 2423 134
1090 2373 1413 2438 uodcumque
1456 2375 1617 2435 volet,

543 2436 791 2488 decernat
814 2437 911 2488 Isis
943 2438 1049 2502 xiii,
1102 2442 1133 2487 2
1201 2439 1343 2489 volet
1366 2439 1456 2489 illa
1478 2454 1617 2489 eom-

543 2502 792 2554 mendare
827 2504 1113 2568 tragoedum
1148 2504 1218 2566 vi,
1252 2508 1347 2555 397
1427 2506 1469 2553 si
1493 2506 1616 2554 For-

541 2573 690 2629 tuna,
726 2566 819 2618 fies
842 2567 906 2618 de
930 2570 1135 2618 rhetore
1172 2571 1368 2629 consul,
1408 2569 1452 2618 si
1476 2570 1619 2619 volet

543 2632 658 2684 haec
680 2633 881 2695 eadem,
902 2632 995 2683 fies
1017 2631 1084 2683 de
1102 2635 1312 2683 consule
1333 2634 1510 2684 rhetor
1531 2633 1619 2695 vii,

546 2701 643 2747 197
698 2696 771 2746 nil
795 2699 1016 2749 vetitum
1039 2696 1226 2748 fecisse
1249 2698 1355 2757 xiv,
1382 2702 1472 2748 185
1533 2714 1619 2747 ve-

544 2762 636 2811 lim
660 2761 760 2825 ipsi
800 2777 969 2825 pauca
1003 2777 1052 2836 v²
1089 2766 1182 2811 107
1249 2762 1403 2825 scire,
1441 2777 1620 2827 quare,

545 2832 650 2876 cet.
674 2826 747 2887 ix,
768 2831 795 2875 1
849 2826 978 2876 velis
1002 2841 1055 2874 m
1079 2840 1281 2890 parere,
1300 2825 1619 2889 pereundum

533 2890 649 2949 ,erit
671 2905 725 2950 x,
746 2893 843 2941 339
908 2891 951 2940 si
982 2905 1095 2940 esse
1123 2891 1177 2939 in
1211 2899 1362 2955 parte
1393 2891 1618 2943 Senatus

548 2954 621 3014 xi,
659 2958 724 3003 30
791 2954 919 3004 velit
953 2955 1077 3020 quid
1113 2956 1229 3021 plus
1268 2956 1345 3005 ira
1379 2956 1487 3017 xiii,
1524 2960 1620 3005 176

545 3018 713 3067 velint
732 3033 908 3071 omnes
926 3034 1096 3082 nosse,
1109 3020 1402 3070 mercedem
1420 3022 1620 3069 solvere

549 3097 701 3133 nemo
723 3076 811 3144 vii,
835 3087 928 3132 157
981 3085 1121 3148 quo'd
1146 3085 1321 3145 velles,
1341 3091 1398 3135 ut
1422 3084 1622 3134 faceres

547 3152 629 3210 tu,
650 3147 772 3196 olim
795 3156 1111 3198 convenerat
1142 3150 1209 3209 vi,
1230 3153 1329 3199 282
1395 3150 1556 3199 vellet
1578 3150 1622 3199 si

552 3211 850 3263 distendere
869 3213 935 3274 vi,
949 3218 1045 3275 598
1102 3214 1374 3278 quisquam
1391 3215 1622 3263 Deorum

548 3274 671 3326 huic
693 3276 884 3325 servire
923 3293 974 3340 x,
999 3280 1093 3328 184
1159 3293 1277 3328 cum
1302 3278 1621 3331 descendere

548 3340 1301 3457 {42232413022‘232'3252¹;³¹:22?
1320 3341 1490 3457 *ῗέἒθ
1507 3358 1622 3461 ιιζὲζ

548 3469 736 3539 punire
758 3470 866 3532 xvi,
891 3475 950 3519 13
1297 3443 1316 3471 ’

615 3535 923 3587 Volscorum
941 3542 1117 3586 monte
1139 3535 1248 3597 viii,
1264 3541 1361 3587 245

617 3598 863 3651 Volsiniis
884 3601 1064 3664 positis
1085 3601 1225 3649 inter
1237 3601 1370 3666 juga
1389 3599 1462 3663 iii,
1486 3605 1578 3653 191

616 3664 900 3725 Volucrem
945 3681 1131 3731 equum
1171 3665 1280 3728 viii,
1332 3670 1394 3714 57
1480 3667 1623 3716 volu·

553 3742 714 3789 crem,
733 3725 951 3794 'sceptro
988 3746 1100 3795 quae
1130 3732 1297 3806 snrgjt
1332 3731 1528 3780 eburno
1571 3746 1623 3793 x,

553 3795 619 3843 43
685 3793 885 3843 volucri
906 3802 1156 3858 carpento
1192 3795 1297 3856 viii,
1321 3799 1416 3845 146
1479 3796 1623 3844 voln-

554 3870 675 3914 eres
696 3856 957 3920 Scythicae
980 3860 1051 3922 xi,
1085 3862 1180 3908 139
1246 3858 1443 3909 subitas
1465 3859 1624 3910 Thra-

555 3934 678 3971 cum
702 3921 813 3983 xiii,
833 3926 926 3971 167

620 3984 894 4034 Volumine
916 4001 1106 4036 arcano
1119 3986 1495 4055 ‘quodcumque
1520 3995 1625 4038 tra-

556 4048 697 4101 didit
718 4049 895 4100 Moses
917 4051 1024 4112 xiv,
1049 4056 1142 4109 102

623 4113 879 4164 Voluntas
919 4115 988 4164 sit
1029 4130 1124 4179 pro
1165 4116 1362 4165 ratione
1407 4117 1476 4177 vi,
1528 4122 1623 4168 223

559 4178 814 4243 peccandi
836 4179 946 4230 sola
966 4179 1163 4243 patitur
1185 4194 1362 4245 poenas
1398 4181 1507 4242 xiii,
1527 4187 1625 4231 208

601 4241 808 4296 *volvit
824 4244 879 4295 in
895 4244 1074 4296 orbem
1096 4260 1269 4298 comas
1288 4245 1358 4308 vi,
1377 4249 1475 4297 496
1527 4246 1627 4297 Pa-

1690 1228 1784 1276 per
1807 1212 1999 1261 minimi
2019 1221 2073 1262 et
2095 1210 2282 1262 infirmi
2304 1213 2460 1262 animi
2478 1215 2759 1284 exiguique

1687 1285 1766 1326 est
1787 1279 1914 1327 ultio
1939 1277 2046 1339 xiii,
2070 1281 2166 1327 190
2232 1277 2320 1326 ills
2351 1293 2549 1342 summa
2568 1286 2765 1340 tamen,

1725 1342 1824 1400 uod
1848 1352 1953 1392 cet.
1975 1342 2043 1403 vi,
2062 1346 2158 1391 368
2209 1344 2349 1391 nulla
2367 1341 2603 1394 coeuandi
2620 1358 2760 1394 nunc

1686 1359 1935 1456 divitibus
1973 1405 2043 1467 xi,
2088 1411 2182 1456 120
2250 1408 2571 1470 voluptatem
2617 1422 2761 1471 egre·

1685 1471 1820 1532 giam
1887 1478 2138 1532 monstro,
2203 1472 2286 1521 cni
2354 1473 2494 1521 nulla
2553 1473 2763 1524 theatra

1686 1552 1729 1584 ω
1771 1551 1894 1585 nare
1932 1550 2088 1601 queas
2124 1542 2231 1584 cet.
2274 1537 2378 1597 xiv,
2415 1541 2513 1588 256
2595 1537 2763 1601 prima

1686 1616 1753 1664 gu
1776 1615 1805 1648 a
1828 1600 2047 1650 senserit
2073 1614 2158 1660 xv,
2174 1604 2238 1649 90
2305 1601 2604 1664 voluptates
2627 1616 2763 1658 com,-

1685 1665 1903 1715 mendat
1926 1664 2090 1714 rarior
2111 1679 2231 1727 usus
2256 1666 2328 1726 xi,
2348 1668 2446 1726 208

1749 1730 1933 1778 Volusi
1957 1729 2237 1792 Bithynice
2261 1745 2351 1788 xv,
2375 1733 2403 1778 1

1753 1793 1975 1844 Volusos
1997 1795 2293 1858 Brutusque
2319 1794 2407 1856 vii,
2431 1798 2527 1845 182

1754 1860 1946 1908 Voluta
1974 1868 2144 1908 tecum
2178 1859 2289 1908 liaec
2318 1858 2489 1909 animo
2526 1858 2564 1921 i,
2597 1862 2693 1912 168

1754 1923 1946 1973 Vomer
1971 1922 2180 1972 deficiat
2208 1924 2279 1985 iii,
2299 1923 2393 1973 su
2464 1938 2672 1974 vomere
2699 1939 2762 1975 ac

1690 1987 1870 2037 marris
1893 1988 2014 2037 lassi
2040 2002 2127 2048 xv,
2146 1991 2238 2037 167

1756 2052 1988 2101 Vomicae
2013 2059 2194 2115 putres
2218 2051 2328 2114 xiii,
2348 2057 2412 2103 95

1756 2117 1934 2166 Vomit
1957 2123 2011 2166 et
2033 2116 2169 2167 bibit
2192 2117 2263 2180 vi,
2282 2121 2382 2168 432

1757 2181 1977 2231 Vorabit
2000 2196 2091 2229 rex
2115 2182 2312 2247 optima
2332 2182 2589 2248 sylvarum
2605 2182 2643 2245 i,
2668 2187 2761 2233 135

1756 2247 1972 2295 Vortice
1991 2246 2139 2296 lactis
2165 2253 2369 2295 torrens
2391 2246 2503 2312 sifi,
2518 2245 2584 2304 70
2651 2262 2767 2298 vor-

1695 2310 1885 2360 ticibus
1904 2326 1947 2360 s.
1967 2310 2248 2361 verticibus
2267 2310 2389 2376 ipsis
2407 2315 2569 2376 caput
2585 2311 2769 2380 abluet

1692 2375 1740 2423 vi
1781 2380 1880 2426 524

1746 2410 1949 2490 ²votiva
1979 2440 2171 2491 tabella
2209 2446 2469 2493 testantur
2502 2440 2627 2493 fana
2650 2440 2763 2508 plu-

1691 2504 1820 2554 rima
1840 2506 1932 2565 xii,
1950 2509 2013 2554 27

1754 2569 1967 2630 Votum,
1993 2570 2163 2631 timor,
2183 2569 2258 2618 ira
2280 2570 2315 2634 i,
2334 2573 2398 2617 85
2466 2568 2766 2627 miserabile

1693 2640 1870 2684 tecum
1894 2631 2129 2697 feras'iii,
2150 2637 2248 2684 276
2315 2633 2629 2697 miserabile,
2666 2626 2766 2684 n'ec

1692 2713 1813 2762 spes
1853 2699 1931 2747 his
1970 2699 2153 2751 saltem
2190 2699 2267 2761 ix,
2305 2702 2399 2749 147
2465 2698 2764 2749 insatiabile

1692 2762 1994 2827 acquirendi
2033 2763 2138 2825 xiv,
2174 2767 2266 2813 125
2336 2763 2445 2812 voti
2484 2764 2687 2827 peracti
2712 2770 2765 2814 te

1693 2827 1943 2889 poeniteat
1964 2832 2060 2890 x,6
2127 2834 2250 2877 voto
2273 2833 2361 2876 tuo
2380 2825 2536 2890 digna
2554 2826 2767 2878 foemina

1694 2892 1762 2951 vi,
1774 2896 1838 2942 60
1879 2899 2001 2942 vote
2018 2891 2128 2944 fere
2146 2891 2315 2956 prima
2327 2898 2380 2941 et
2396 2893 2599 2943 cunctis
2614 2893 2773 2943 notis-

1695 2956 1825 3005 sima
1849 2957 2072 3019 templis,
2096 2964 2152 3005 ut
2176 2963 2418 3006 crescant
2440 2972 2568 3022 opes
2593 2964 2698 3007 cet.
2715 2972 2768 3013 x.
2807 2983 2811 2986 >

1692 3023 1754 3070 23
1801 3022 2016 3070 moraris
2039 3022 2146 3080 xiv,
2170 3025 2267 3071 250
2312 3036 2495 3086 magna
2518 3022 2767 3072 exaudita

1693 3084 1931 3148 malignis
1941 3086 2231 3136 numinibus
2243 3090 2391 3148 x,lll
2411 3085 2620 3155 publica
2633 3086 2768 3136 vice-

1695 3158 1814 3199 runt
1840 3166 1892 3211 x,
1909 3153 2006 3200 284
2047 3150 2638 3226 deponunt,quanquam
2664 3151 2768 3200 lon·

1695 3214 1920 3278 gissima,
1937 3229 2096 3264 coenae
2115 3229 2150 3277 ι,
2163 3218 2258 3264 133
2301 3216 2525 3278 decepta
2543 3229 2685 3279 saepe
2699 3216 2766 3267 ad

1696 3294 1909 3343 spurcos
1931 3280 2071 3329 lacus
2106 3280 2177 3343 vi,
2205 3284 2303 3331 602
2369 3285 2607 3343 votorum
2631 3294 2766 3328 sum-

1695 3359 1780 3393 ma
1804 3361 1854 3404 v,
1880 3347 1941 3394 18
2010 3359 2172 3411 usque
2208 3343 2271 3393 ad
2314 3343 2531 3392 delicias
2574 3359 2628 3406 x,
2668 3348 2764 3395 291

1693 3407 1828 3458 votis
1851 3410 1993 3471 cujus
2015 3423 2118 3458 non
2140 3405 2420 3458 suffecerat
2442 3422 2625 3458 surum
2659 3415 2766 3463 cet.

1692 3473 1799 3535 xiv,
1823 3476 1921 3522 298

1763 3538 1990 3588 Vovebit
2012 3538 2080 3587 de
2100 3553 2261 3602 grege
2287 3552 2556 3588 servorum
2580 3552 2770 3599 magna

1695 3617 1914 3666 corpora
1935 3603 2024 3667 xii,
2049 3608 2140 3653 115
2209 3617 2399 3669 voveas
2420 3608 2544 3652 exta
2560 3601 2766 3652 sacellis

1694 3671 1866 3728 x,854

1698 3728 1699 3735 ’
1758 3733 1876 3781 Vox
1923 3732 2115 3781 blenda
2158 3737 2215 3781 et
2256 3746 2480 3796 nequam
2541 3731 2613 3792 vi,
2670 3734 2765 3781 197

1696 3811 1813 3862 qua
1837 3797 2066 3846 saltante
2088 3796 2301 3845 libidine
2339 3796 2407 3857 vi,
2442 3798 2538 3844 318
2605 3794 2770 3843 domi·

1695 3876 1775 3911 na»
1799 3861 1871 3922 ix,
1893 3865 1959 3910 78
2026 3861 2215 3910 domini
2254 3858 2383 3910 furit
2417 3860 2521 3936 xiv²
2558 3863 2624 3909 63
2694 3857 2767 3908 fa·

1696 3925 1867 3975 cunda
1903 3924 2107 3987 Solonis
2146 3941 2199 3988 x,
2231 3929 2329 3974 274
2396 3924 2575 3975 audita
2613 3927 2767 3973 nocte

1695 3989 1808 4039 fere
1848 3990 2038 4052 media,
2082 3990 2412 4059 mediamque
2450 4003 2545 4053 per
2586 3987 2768 4037 urbem

1696 4053 1768 4116 xi,
1792 4059 1883 4104 111
1952 4054 2094 4104 vocis
2117 4054 2252 4119 quod
2279 4060 2502 4118 pretium
2528 4052 2641 4115 viii,
2675 4055 2770 4102 119

1698 4119 1921 4182 insignia
1936 4118 2165 4170 habeant
2179 4117 2430 4181 majorum
2449 4115 2646 4183 effigies
2662 4115 2771 4177 viii,

1695 4188 1793 4232 227
1858 4198 2038 4235 vocem
2067 4179 2336 4232 vendentis
2374 4182 2687 4247 praetoribus
2710 4179 2767 4231 fi-

1697 4245 1821 4298 bula
1862 4249 2015 4299 durat
2057 4248 2246 4299 nullius
2293 4248 2363 4313 vi,
2405 4251 2503 4299 380
2587 4245 2767 4297 locasti
