3050 4913
1181 429 1273 477 m·
1318 429 1666 481 vanoRu
1679 431 1759 480 Μ’.

326 573 437 624 ulla
475 571 690 623 Ursidio
728 570 800 634 vi,
837 574 901 621 41
963 570 1060 635 jun
1129 576 1252 620 ntur
1271 586 1404 636 prte-

328 644 480 689 terea
502 637 779 687 commoda
799 638 970 685 multa
989 584 1198 685 cafficis
1229 636 1300 698 ix,
1339 641 1404 685 89

315 704 513 766 juncta
536 703 635 751 tibi
655 702 915 751 recumbit
937 702 1005 761 vi,
1025 704 1123 749 448
1167 702 1403 765 junctam

324 776 382 817 et
416 774 650 880 t''zaetanrrln¹
685 765 899 880 &benh-
909 830 920 839 ·
937 780 1028 878 '2⁹6
1050 769 1146 815 200
1201 766 1401 830 junctae

324 847 413 880 nm
486 846 556 881 ne
652 845 683 880 a
734 845 863 892 nges
888 845 942 888 n,

389 897 558 947 Junio
578 847 791 944 gonsule
811 909 898 954 κν,
919 898 982 943 27

389 961 538 1011 Juno
576 961 619 1009 si
658 960 873 1008 fecisset
897 958 1136 1007 maritum
1169 958 1400 1009 insanum

324 1024 398 1099 vi,
420 1029 524 1074 619
588 1039 705 1073 cum
730 1024 897 1073 adhuc
925 1023 1402 1100 virguncula-esset

323 1094 574 1216 {33⁴3ss
590 1088 1401 1216 {imiissssiiffirllssuissnckiss

314 1217 604 1280 juvencum
627 1225 855 1267 auratam
882 1218 949 1277 vi,
984 1221 1049 1265 48
1115 1231 1210 1279 per
1238 1217 1400 1280 Juno·

320 1295 445 1332 nem
468 1283 667 1331 domini
691 1283 907 1345 jurante
931 1281 1166 1330 ministro
1191 1282 1247 1342 ii,
1269 1287 1333 1331 98

388 1346 613 1411 Jupiter
630 1348 720 1409 (al.
744 1347 878 1396 male
898 1343 1171 1408 Juppiter)
1211 1361 1398 1396 vernus

321 1409 575 1461 fremeret
596 1411 845 1476 grandine
869 1427 919 1472 v,
936 1415 1002 1459 79
1034 1416 1090 1459 et
1112 1411 1256 1459 Mars
1276 1425 1397 1460 num

321 1475 456 1524 adeo
497 1485 801 1538 senuerunt,
840 1483 901 1524 ut
938 1476 1009 1524 nil
1046 1483 1221 1524 actum
1253 1476 1323 1526 sit
1344 1477 1397 1524 in

319 1541 606 1603 montibus,
631 1547 721 1590 aut
743 1541 793 1589 in
814 1540 1075 1603 speluncis
1100 1541 1168 1601 vi,
1192 1544 1256 1588 69
1307 1539 1398 1590 fic·

319 1605 429 1652 tilis
453 1614 512 1654 et
537 1606 681 1655 nullo
703 1606 924 1655 violatus
949 1619 1074 1654 auro
1091 1605 1222 1653 hanc
1242 1604 1396 1654 rebus

318 1669 489 1718 Latiis
512 1684 691 1719 curam
716 1676 965 1733 praestare
987 1669 1184 1718 solebat
1203 1670 1276 1730 xi,
1300 1674 1395 1719 116

319 1732 392 1782 da
412 1735 647 1798 spatium
670 1735 812 1797 vitae,
847 1735 1036 1783 multos
1059 1734 1125 1782 da
1146 1749 1306 1783 annos
1338 1750 1392 1797 x,

320 1801 418 1847 188
487 1813 609 1848 cum
648 1800 880 1863 privatus
910 1798 1077 1847 adhuc
1112 1798 1268 1848 Idaeis
1305 1813 1393 1848 an-

317 1863 418 1912 tris
459 1864 573 1925 xiii,
610 1868 673 1912 41
741 1864 890 1913 audis
931 1863 1063 1925 haec,
1104 1878 1201 1912 nec
1245 1864 1393 1913 labra

314 1941 520 1988 moves,
542 1944 662 1978 cum
683 1930 893 1979 mittere
917 1942 1095 1977 vocem
1120 1927 1394 1991 debueras,

315 1993 404 2040 vel
426 2006 764 2056 marmoreus,
797 1994 882 2043 vel
910 1993 1137 2041 aeneus?
1170 1999 1260 2042 aut
1298 2008 1392 2042 cur

315 2057 372 2105 in
395 2057 630 2106 carbone
646 2066 736 2107 tuo
754 2059 935 2108 charta
949 2058 1035 2120 pia
1053 2057 1204 2106 thura
1221 2058 1390 2126 soluta

313 2122 558 2185 ponimus
582 2132 687 2172 cet.
712 2122 822 2186 xiii,
843 2128 938 2172 114
1004 2122 1152 2173 Jovis
1174 2128 1296 2171 ante
1318 2122 1390 2171 al·

315 2187 454 2236 tatia
498 2187 698 2236 lanatas
755 2193 1060 2250 torvumque
1106 2186 1388 2249 juvencum

313 2265 462 2299 more
487 2252 677 2301 Numae
702 2252 858 2301 cedit
881 2252 989 2313 viii,
1015 2254 1110 2299 166
1174 2250 1389 2299 munici-

312 2329 409 2379 pes
432 2317 644 2379 lagenas
667 2315 937 2365 advexisse
959 2316 1062 2376 xiv,
1092 2318 1187 2364 271
1255 2330 1388 2364 sum·

312 2380 385 2428 mi
409 2388 538 2430 ante
559 2396 703 2430 aram
720 2380 823 2430 ruit
840 2381 1093 2441 Priamus,
1109 2386 1166 2429 ut
1184 2380 1385 2428 vetulus

313 2443 409 2494 bos
433 2461 489 2508 x,
509 2449 609 2496 268
675 2445 729 2495 in
752 2446 932 2496 tunica
952 2446 1239 2496 Praetorem
1268 2444 1386 2494 sub-

310 2510 488 2559 limem
512 2511 683 2561 medio
715 2512 769 2560 in
803 2512 1018 2575 pulvere
1052 2510 1191 2560 Circi
1232 2524 1284 2571 x,
1319 2514 1383 2559 68

308 2572 521 2625 famule
568 2590 692 2625 aves
733 2576 837 2639 ιίν,
876 2580 936 2625 81
1004 2575 1128 2626 Jovi
1157 2574 1384 2637 Tarpeio

311 2646 526 2689 servata
545 2640 713 2689 bestia
734 2641 825 2701 xii,
844 2644 878 2689 6
942 2639 1126 2692 Jovem
1150 2646 1383 2688 nostrum

311 2704 538 2766 placabo
561 2705 652 2767 xii,
673 2709 738 2754 89
789 2706 926 2756 Jove
951 2706 1063 2766 ipso
1088 2704 1245 2766 digna
1269 2718 1383 2753 sen·

310 2768 481 2818 tentia
501 2770 611 2831 xiv,
650 2774 749 2819 206
812 2769 911 2819 sub
949 2769 1083 2820 Jove
1105 2770 1270 2818 multa
1290 2784 1384 2833 pu·

310 2831 512 2882 dicitite
558 2834 750 2883 veteris
792 2835 921 2883 vest‘
961 2834 1009 2883 ’a
1051 2832 1241 2895 forsan,
1291 2842 1382 2885 aut

421 2912 490 2946 ua
528 2899 824 2963 extiterint,
867 2913 923 2948 se
991 2898 1124 2951 Jove
1154 2900 1380 2949 nondum

479 2970 535 3013 to
557 2963 628 3025 vi,
651 2967 710 3012 16

373 3026 534 3078 Junt
559 3029 721 3077 solam
743 3027 1042 3091 Hipponam
1066 3042 1108 3077 s.
1130 3028 1381 3092 Eponam,

311 3097 372 3140 et
391 3089 554 3141 facies
573 3092 712 3142 olida
736 3093 799 3142 ad
819 3092 1071 3156 praesepia
1087 3092 1255 3156 pictas
1271 3093 1379 3153 viii,

313 3159 413 3205 166
465 3170 582 3205 aras
602 3157 992 3207 Samotbracum
1012 3164 1065 3206 et
1087 3165 1378 3207 nostrorum

309 3219 393 3280 iii,
417 3224 514 3270 144
579 3236 676 3284 per
697 3222 826 3271 Solis
842 3221 1031 3283 radios,
1048 3223 1379 3286 Tarpeiaque

309 3283 548 3348 fulmina,
580 3294 637 3336 et
665 3286 853 3336 Martis
874 3285 1136 3350 frameam,
1175 3293 1231 3336 et
1267 3287 1379 3336 Cir-

306 3344 440 3399 rboei‘
460 3350 661 3415 spicula
698 3350 848 3415 vatis,
885 3365 984 3414 per
1014 3352 1239 3400 calamos
1273 3358 1376 3400 cet.

309 3414 423 3475 xiii,
443 3419 512 3464 78
532 3429 613 3480 sq.
679 3430 776 3479 per
797 3415 1055 3466 Junonem
1077 3416 1130 3477 ii,
1161 3419 1226 3464 98
1293 3415 1378 3479 ju·

308 3492 430 3528 rare
453 3479 660 3531 Graecis
680 3480 905 3530 nondum
943 3481 1137 3544 paratis
1173 3494 1270 3544 per
1292 3494 1377 3529 ca-

307 3551 409 3607 put
439 3545 653 3595 alterius
687 3546 760 3607 vi,
801 3549 863 3594 16
913 3545 1110 3608 'jurato
1145 3545 1376 3609 quamvis

310 3609 439 3658 testi
476 3616 707 3660 metuam
740 3609 840 3659 tibi
879 3610 1094 3659 credere
1117 3624 1170 3670 v,
1205 3616 1234 3659 6
1291 3609 1376 3672 ju-

309 3682 489 3724 rantes
512 3682 892 3739 precantesque
913 3673 1200 3737 tangebant
1217 3687 1378 3738 aram,

309 3739 390 3786 vel
414 3753 587 3802 genua
608 3738 821 3789 deorum
842 3738 949 3801 xiv,
970 3743 1069 3789 219

305 3802 506 3917 ”iure
534 3804 765 3870 jurando
809 3802 1044 3853 fraudem
1091 3800 1221 3852 tueri
1262 3801 1374 3865 xiii,

370 3934 505 3985 Jure
526 3935 711 3986 eodem
732 3940 974 3987 natantes
997 3948 1229 3999 mergere
1250 3932 1375 3984 fice-

307 3998 452 4049 dulas
476 4000 583 4062 xiv,
606 4004 638 4049 8

368 4064 555 4128 ,Iurgia
578 4062 880 4129 proludunt,
919 4061 1012 4113 sed
1039 4077 1158 4112 mox
1192 4070 1248 4113 et
1283 4077 1374 4126 po·

306 4129 422 4179 cula
443 4136 655 4194 torques
678 4144 733 4190 v,
750 4132 818 4178 26
872 4127 1070 4177 alterna
1090 4126 1249 4177 habet
1269 4128 1373 4177 lec·

304 4200 387 4242 tus
424 4192 496 4257 vi,
535 4198 635 4245 269
698 4193 869 4258 prima
902 4181 1085 4241 sonare
1118 4191 1373 4255 incipiunt

303 4272 371 4306 xv
409 4261 472 4308 61

359 4294 460 4375 ὄπι
495 4323 693 4376 nullum
717 4320 868 4375 uxori
887 4319 1127 4387 capiendi
1165 4318 1300 4373 bona
1335 4319 1371 4386 l,

2356 418 2555 485 lxxiii

1477 576 1543 621 66
1619 571 1899 624 ,Iudaicum
1941 572 2196 636 ediscunt,
2238 581 2446 626 servant
2491 581 2549 627 et

1477 642 1715 687 metuunt
1753 638 1860 701 xiv,
1898 641 1990 687 101
2061 639 2285 689 testandi
2307 641 2429 690 solis
2451 641 2546 690 mi-

1475 701 1656 750 litibus
1696 702 1814 751 vivo
1848 713 1999 767 patre
2020 702 2176 752 datur
2195 704 2301 768 xvi,
2337 709 2397 754 61
2467 705 2544 755 di-

1476 780 1599 814 cere
1622 765 1688 815 de
1712 782 1951 817 mensura
1974 782 2025 828 x,
2058 772 2149 817 101
2220 770 2272 818 iu
2289 769 2380 833 jus
2402 770 2545 833 pavi-

1476 828 1598 878 dum
1646 832 1817 880 trahat
1855 833 2059 881 cervice
2095 833 2349 884 obstricta
2389 849 2441 897 x,
2478 839 2543 885 87

1463 894 1602 957 juris
1644 895 1716 944 nil
1755 896 1932 945 animis
1968 897 2020 945 in
2055 911 2272 960 corpora
2310 899 2544 962 indulget

1475 966 1660 1009 natura
1700 961 1754 1022 ii,
1799 965 1894 1010 169
1951 961 2086 1025 juris
2113 962 2249 1011 idem
2269 963 2546 1027 (testandi)

1475 1025 1737 1088 contingit
1770 1041 1962 1087 arenae,
2005 1026 2142 1089 quod
2181 1027 2450 1078 lenonibus
2489 1035 2547 1078 et

1474 1088 1673 1140 lanistis
1697 1091 1766 1150 vi,
1787 1095 1883 1139 217
1951 1091 2147 1153 peritus
2172 1089 2360 1155 Apollo
2383 1093 2419 1155 i,
2446 1096 2540 1142 128

1474 1153 1655 1214 nodos,
1676 1161 1732 1203 et
1748 1156 1918 1218 legum
1943 1154 2218 1218 aenigmata
2242 1157 2408 1206 solvat
2434 1157 2542 1220 viii,

1472 1222 1538 1265 60
1594 1219 1717 1281 jure
1741 1233 1801 1267 ac
1826 1219 2011 1268 merito
2049 1227 2389 1270 contemnunt
2412 1222 2541 1272 vitia

1470 1281 1693 1332 Scauros
1734 1284 1790 1344 ii,
1831 1288 1896 1333 64
1961 1283 2100 1332 illum
2144 1283 2419 1348 despiciam
2465 1286 2541 1352 xi,

1471 1350 1534 1395 26
1591 1348 1710 1410 jure
1739 1349 1964 1411 jurando
2000 1346 2234 1398 fraudem
2260 1351 2394 1399 tueri
2433 1351 2542 1414 xiii,

1470 1415 1565 1460 201
1637 1413 1762 1475 jura
1804 1428 1866 1462 ac
1905 1414 2046 1477 leges
2086 1422 2337 1463 vexantur
2377 1414 2432 1476 ii,
2471 1420 2535 1465 46

1469 1473 1721 1526 ferentem
1747 1477 1801 1539 ii,
1825 1482 1890 1528 72
1953 1478 2126 1527 civilia
2163 1479 2411 1543 numquid
2449 1494 2540 1528 noa

1470 1540 1633 1590 vimus
1656 1541 1713 1604 ii,
1752 1547 1811 1591 61
1885 1543 2111 1606 parentis
2152 1543 2310 1592 habes
2357 1545 2428 1604 ix,
2474 1548 2537 1594 87

1471 1605 1536 1652 ad
1566 1606 1689 1668 jura
1728 1614 2000 1656 vocantem
2027 1621 2115 1670 xv,
2139 1611 2233 1658 166
2303 1610 2453 1658 trium
2477 1608 2538 1658 li·

1470 1669 1707 1719 berorum
1733 1671 1802 1731 ix,
1819 1676 1883 1720 90
1904 1697 1909 1700 -

1479 1729 1484 1740 ’
1530 1735 1688 1785 Jussu
1712 1735 1934 1785 Neronis
1958 1750 2010 1798 x,
2035 1741 2094 1785 16

1530 1800 1683 1850 Justa
1704 1800 1836 1849 ratio
1860 1800 2041 1863 pericli
2063 1800 2131 1863 vi,
2151 1803 2213 1849 96
2269 1816 2424 1852 causa
2442 1801 2534 1852 do-

1464 1863 1590 1913 loris
1615 1864 1687 1926 ix,
1732 1868 1798 1913 90
1881 1865 2093 1929 querela
2129 1865 2235 1924 xvi,
2271 1870 2334 1915 19
2401 1867 2533 1930 justi

1467 1929 1665 1977 Solonis
1694 1944 1747 1989 x,
1781 1933 1876 1978 274
1945 1944 2097 2004 quam
2126 1928 2271 1992 justo
2315 1928 2532 1981 fulmine

1465 1993 1665 2042 ruerint
1685 1994 1793 2057 viii,
1826 1998 1891 2042 92
1948 1994 2108 2057 justis
2132 1993 2295 2057 poenis
2318 1995 2431 2045 illos
2455 1994 2530 2044 af·

1462 2055 1645 2107 ficiunt
1678 2059 1785 2121 viii,
1820 2062 1916 2108 267
1974 2059 2262 2122 justissima
2302 2060 2531 2126 cognitio

1463 2122 1838 2173 Centurionnm
1860 2123 1967 2185 xvi,
1990 2128 2051 2173 17

1524 2187 1558 2237 J
1565 2187 1742 2237 ustitia
1762 2188 1947 2237 inermi
1972 2188 2185 2252 putabat
2205 2190 2374 2238 omnia
2395 2196 2530 2240 trac·

1463 2251 1623 2300 tanda
1646 2252 1962 2316 temporibus
1982 2254 2109 2303 diris
2147 2254 2216 2316 iv,
2252 2257 2312 2301 81
2375 2255 2529 2318 justi·

1461 2315 1551 2364 tiae
1574 2323 1731 2366 tenax
1756 2318 1864 2378 viii,
1892 2321 1955 2367 26
2020 2319 2237 2369 Justitia
2298 2317 2530 2381 Astraea)

1459 2378 1523 2428 ad
1549 2382 1783 2495 saperes¹
1806 2383 2021 2432 recessit
2052 2385 2239 2434 comite
2311 2383 2528 2434 udicitia

1459 2444 1507 2493 vi
1554 2450 1579 2494 1
1831 2470 1839 2483 ·

1513 2480 1685 2561 ’Juvat
1718 2512 1833 2561 alea
1868 2525 2042 2562 senem
2081 2512 2188 2574 xiv,
2230 2516 2262 2562 4
2336 2512 2527 2575 juvant

1455 2576 1620 2639 magis
1643 2575 1744 2638 illu,
1780 2590 1895 2640 quae
1922 2576 2083 2638 pluris
2106 2583 2346 2626 emuntur
2366 2576 2439 2639 xi,
2462 2581 2525 2626 16

1445 2639 1658 2702 juvabit
1694 2655 1846 2690 nemo
1891 2645 2036 2690 tecto
2075 2640 2400 2706 hospitioque
2442 2641 2519 2704 lii,

1519 2770 1554 2823 J
1560 2783 1801 2819 uvencam
1822 2775 2052 2820 auratam
2070 2768 2216 2819 caede
2230 2768 2425 2822 Junoui
2448 2768 2523 2835 vi,

1516 2904 1806 2954 Juvencum
1831 2907 2033 2952 torvum
2057 2900 2217 2952 caedit
2232 2896 2377 2952 Jovia
2400 2906 2523 2950 ante

1454 2968 1642 3019 altaria
1664 2968 1768 3030 viii,
1789 2972 1882 3016 166

1517 3032 1777 3084 Juvenilia
1800 3047 1841 3080 s.
1857 3030 2124 3094 juvenalis
2140 3027 2374 3079 membra
2396 3028 2467 3090 xi,
2488 3036 2521 3096 6

1518 3096 1737 3149 Juvenis
1759 3096 1997 3158 zelotypo
2031 3095 2272 3158 praelatus
2300 3093 2518 3143 Hiarbae

1453 3177 1504 3224 v,
1525 3165 1589 3211 46
1657 3160 1793 3224 petit
1830 3160 2133 3223 Euphraten
2167 3157 2277 3220 viii,
2310 3162 2371 3207 61
2442 3158 2519 3208 tui

1452 3226 1632 3290 specie
1667 3226 1847 3274 latare
1889 3238 1941 3285 x,
1982 3227 2079 3275 610
2145 3222 2188 3271 si
2220 3224 2395 3272 vetulo
2414 3236 2520 3272 non

1451 3296 1827 3351 assurrexerat,
1883 3286 2076 3353 grande
2119 3284 2264 3336 nefas
2300 3286 2412 3349 xiii,
2452 3292 2515 3336 66

1451 3370 1552 3405 non
1592 3354 1775 3404 melius
1814 3352 1881 3403 de
1926 3368 1981 3403 se
2025 3351 2261 3416 cuiquam
2307 3363 2517 3414 sperare

1490 3420 1744 3486 ropinquo
1779 3417 2052 3479 concedet,
2092 3416 2180 3480 qui
2218 3415 2397 3464 radere
2436 3421 2519 3463 tu-

1451 3435 1579 3535 gera
1602 3482 2002 3534 terrae—didicit
2021 3480 2277 3530 nebulone
2297 3485 2516 3542 parente

1452 3549 1557 3608 xiv,
1578 3553 1608 3598 7
1633 3565 1657 3599 s
1694 3585 1708 3599 .
1779 3547 1960 3612 juveni
2003 3545 2127 3595 mihi
2160 3559 2222 3594 eo
2267 3541 2545 3591 tondente·

1452 3614 1624 3678 gravis
1660 3565 1828 3662 garba
1869 3610 2085 3660 sonabat
2118 3609 2154 3669 i,
2194 3611 2275 3657 26.
2343 3621 2397 3667 x,
2418 3609 2516 3655 226

1452 3678 1576 3744 quid
1617 3678 1800 3726 suadet
1828 3685 1974 3740 pater
2011 3675 2163 3722 laetus
2183 3670 2407 3721 stridore
2430 3685 2516 3720 ca·

1451 3751 1590 3793 tenae
1614 3742 1719 3801 xiv,
1741 3745 1805 3789 26
1869 3753 1985 3789 cum
2004 3737 2150 3798 dicis,
2173 3736 2408 3799 stultum,
2424 3736 2515 3813 qui

1450 3805 1611 3856 donet
1626 3805 1929 3866 amico,—et
1940 3802 2158 3865 spoliare
2172 3800 2328 3850 doces
2346 3806 2401 3851 et
2417 3814 2517 3850 cir-

1451 3868 1803 3920 cumscribere
1826 3874 1930 3916 cet.
1954 3866 2061 3928 xiv,
2089 3869 2184 3914 266
2209 3880 2286 3931 sq.
2354 3864 2513 3915 Arca·

1449 3935 1536 3984 dio
1558 3934 1628 3983 nil
1650 3932 1773 3982 salit
1790 3934 1920 3981 loevs
1937 3931 1989 3980 in
2008 3936 2155 3993 parte
2173 3929 2408 3980 mamillae
2426 3930 2516 3992 vii,

1451 4004 1546 4051 160
1612 3997 1809 4048 Pellaeo
1851 4010 1952 4046 non
1991 3992 2183 4044 sufficit
2203 4009 2333 4044 uuus
2374 3994 2513 4044 orbis

1447 4080 1500 4128 x,
1524 4068 1620 4114 168
1675 4063 1922 4129 juvenem
1944 4061 2034 4109 illa
2055 4059 2210 4125 jubet
2233 4072 2513 4123 properare

1448 4137 1617 4179 sumto
1639 4128 1843 4179 cucullo
1866 4127 1936 4187 vi,
1975 4129 2072 4176 660
2137 4125 2372 4188 supinum
2408 4123 2512 4171 cla·

1447 4208 1618 4243 mosus
1639 4201 1789 4257 pater
1810 4192 2005 4243 excitat
2038 4190 2105 4239 de
2143 4188 2314 4239 media
2335 4191 2511 4246 nocte,

1445 4255 1647 4321 Accipe
1666 4272 1833 4321 ceras,
1852 4257 2042 4317 scribe,
2062 4267 2207 4317 puer,
2226 4250 2381 4314 vigila
2400 4254 2509 4297 cet.

1444 4321 1553 4388 xiv,
1594 4326 1687 4373 191
1713 4336 1793 4387 sq.
1857 4325 2069 4385 torquet
2101 4318 2216 4381 jam
2258 4316 2410 4377 longa
2452 4317 2509 4368 et
