3050 4913
1055 425 1070 448 ²
1105 419 1354 476 Pssnsu
1444 424 1609 475 SAT.
1657 423 1756 474 lv,

325 569 472 618 nitor
502 568 610 630 jam
650 568 1033 619 adolescentem
1067 569 1297 618 insanum
1330 574 1387 619 et

328 658 524 709 aegrum
566 659 678 695 esse
720 653 776 695 et
818 647 1086 709 sapientiae
1132 647 1388 697 medicina

326 734 459 784 opus
494 721 704 771 babere.
783 723 1118 773 Demonstrat
1153 724 1282 772 illud
1320 737 1387 772 ex

327 793 518 844 factis:
570 797 706 848 Quia
727 811 790 845 ea
811 797 971 860 dicat,
993 804 1048 847 et
1065 796 1247 862 faciat,
1269 814 1386 863 quae

328 870 498 920 insani
532 871 747 921 bominis
784 873 905 922 sint.
971 876 1121 928 Quod
1160 877 1388 925 testimo·

330 947 421 996 nio
444 948 646 997 Orestis
667 950 829 999 insani
853 951 1138 1002 confirmat.
1207 951 1269 1002 Id
1293 962 1392 1016 est,

333 1025 413 1073 Ea
448 1022 576 1072 dicis
599 1033 654 1074 et
687 1024 815 1075 facis
851 1042 964 1092 quae
987 1029 1113 1093 ipsis
1134 1031 1293 1080 etiam
1313 1030 1391 1079 fn-

333 1100 482 1148 r'ioxis
504 1099 699 1150 furiosa
717 1101 1007 1154 videantur.
1073 1105 1220 1156 Iden.

345 1185 352 1192 ·
401 1180 498 1224 118
534 1176 787 1241 Nonne-m]
854 1178 1024 1229 Animi
1061 1183 1262 1247 τετοῦ,
1291 1198 1391 1235 nec

1472 566 1685 616 rationis
1706 568 2214 636 composta—duret]
2241 569 2533 625 Maximum

1472 644 1609 692 enim
1632 643 1839 694 insania
1863 653 2240 709 argumentum,
2280 646 2419 712 quod
2450 647 2532 699 0·

1473 727 1639 770 restes
1659 721 1817 770 etiam
1840 730 1893 771 et
1915 723 2080 772 insani
2110 723 2405 786 juramento
2445 723 2534 774 ad·

1472 795 1981 860 firmana—omres]
2014 798 2117 848 Hic
2135 799 2536 862 Agamemnonis

1473 878 1530 921 et
1554 872 1949 936 clytemnestrae
1970 873 2124 936 filius,
2160 883 2377 926 matrem
2412 887 2531 928 enm

1470 948 1720 1011 AEgystbo
1777 948 2016 999 adultero
2072 951 2280 1012 occidit,
2328 957 2532 1015 pati-ens

1470 1037 1614 1072 suum
1628 1024 1902 1089 mtus‚qui
1940 1023 2061 1075 dolo
2101 1041 2132 1074 a
2170 1034 2341 1076 matre
2374 1033 2430 1076 et
2452 1025 2538 1075 Β·

1473 1101 1658 1162 gystbo
1696 1100 1895 1149 occisus
1937 1108 2070 1150 erat.
2158 1103 2240 1152 De
2278 1103 2377 1156 hoc
2410 1102 2533 1155 vids

1474 1175 1729 1240 Eurip.in
1753 1175 1960 1226 Oreste.
2028 1178 2178 1229 Idem.

1061 1853 1581 1929 SATIRA
1667 1851 1807 1927 IV.

408 2103 431 2147 l
447 2105 458 2112 ’
473 2097 594 2146 Rem
610 2094 791 2159 populi,
810 2093 916 2157 qm]
969 2093 1296 2159 Principium
1317 2094 1403 2144 ab·

325 2145 571 2237 ffipmm,
610 2184 706 2235 per
748 2169 1115 2234 Apostropben
1153 2169 1219 2218 ad
1259 2168 1403 2218 Alci·

342 2249 567 2311 biadem,
595 2261 713 2297 cnm
730 2245 1140 2309 interrogatione
1160 2252 1216 2294 et
1236 2245 1402 2294 incre·

341 2325 573 2390 patione,
588 2338 682 2388 per
698 2322 1085 2372 admirationem
1107 2322 1400 2387 legendnm.

341 2402 554 2462 Quaeso,
583 2414 614 2450 o
635 2398 807 2464 magni
823 2398 963 2448 illius
985 2397 1182 2448 Pericli
1206 2398 1402 2463 pupille

341 2476 664 2540 Alcibiades,
681 2476 764 2526 die
779 2475 898 2525 mihi
920 2477 1016 2526 boc
1037 2492 1051 2525 ε
1084 2475 1233 2525 Tune
1249 2475 1405 2525 Rem·

341 2554 487 2619 publ.
537 2553 894 2603 administras?
945 2554 1091 2603 Tune
1133 2553 1402 2617 imperium

342 2630 738 2681 Atheniensium
804 2629 1082 2693 regendum
1142 2629 1406 2693 capessis?

342 2708 557 2769 Quaeso,
593 2718 810 2770 quonam
850 2702 1039 2767 fretus,
1074 2720 1173 2770 qna
1216 2704 1406 2769 fronte,

339 2782 500 2833 talem
521 2788 576 2832 et
597 2789 794 2831 tantam
821 2795 926 2830 rem
943 2782 1000 2829 in
1018 2792 1069 2830 te
1092 2781 1307 2845 suscipis
1317 2782 1405 2830 i—

344 2858 636 2922 Barbatum]
669 2859 857 2907 Sensus
879 2865 986 2907 est:
1023 2858 1073 2907 O
1092 2856 1406 2919 Alcibiades,

347 2952 465 3001 quae
487 2936 585 2985 hoc
606 2937 719 2984 loco
743 2935 985 2984 dicuntur
1005 2934 1117 2996 tibi,
1138 2934 1405 2983 Socratem

346 3020 492 3062 tunm
559 3011 858 3075 magistrum
925 3011 1100 3061 dicere
1151 3009 1406 3071 existima,

344 3103 501 3154 quem
535 3087 678 3137 dirus
701 3088 888 3138 cicutas
923 3088 1134 3136 haustus
1171 3101 1201 3134 e
1231 3086 1407 3135 medio

340 3165 550 3214 sustulit
569 3171 627 3214 et
649 3162 1242 3229 peremit—Barbatum]
1297 3161 1410 3210 Pri-

346 3254 486 3292 mum
509 3242 735 3291 Socratis
757 3240 1075 3305 adjunctum.
1142 3239 1298 3289 Dixit
1322 3252 1409 3286 au·

348 3325 455 3368 tem
495 3318 798 3368 barbatum:
847 3317 931 3366 vel
967 3315 1102 3380 qnod
1140 3329 1264 3365 vere
1297 3313 1412 3362 bar-

347 3395 486 3456 bam,
531 3402 589 3443 nt
633 3393 815 3459 reliqui
861 3391 1179 3456 Philosophi,
1202 3390 1409 3440 aluerit.

349 3469 526 3521 labin.
605 3470 723 3533 Vel,
754 3470 888 3535 quod
928 3466 1144 3517 Romani
1170 3480 1284 3514 cum
1307 3479 1412 3513 ma-

340 3549 489 3613 jores
535 3547 834 3609 laudabant,
877 3545 1015 3595 soliti
1057 3543 1250 3603 dicere,
1288 3541 1411 3590 cosei

346 3625 551 3675 barbati.
585 3620 1189 3685 Cannu—Magistrum]
1219 3620 1412 3668 Secun-

347 3703 468 3752 dum
494 3702 807 3767 adjunctum.
876 3700 999 3749 Fuit
1026 3699 1162 3747 enim
1184 3695 1411 3745 Alcibia-

346 3778 425 3827 dis
445 3777 777 3843 paedagogns.
842 3777 1014 3827 Lubin.

413 3858 446 3904 2
503 3854 735 3917 sorbitio]
815 3854 1051 3903 Tertium
1106 3851 1410 3913 adjunctum

347 3930 531 3979 mortis
552 3932 752 3994 generis
773 3928 1035 3979 efficiente
1057 3942 1214 3977 causa
1240 3926 1416 3975 decla-

350 4014 541 4056 ratum.
609 4006 732 4055 Fuit
750 4013 924 4056 autem
949 4005 1165 4053 Socrates
1197 4002 1416 4063 Sophro-

253 4074 268 4085 “
350 4082 481 4129 uisci
521 4088 577 4131 et
614 4082 923 4131 Phanaretae
946 4078 1238 4129 obstetricis
1257 4076 1415 4136 filius,

349 4157 798 4221 Philosophorum,
816 4157 900 4205 vel
941 4154 1197 4219 Apollinis
1232 4165 1412 4201 oracu-

346 4234 421 4294 lo,
478 4230 1117 4296 sapientissimum—Dim]
1179 4232 1412 4279 Deorum

349 4310 424 4358 ira
449 4309 689 4375 immissu,
719 4310 837 4360 illos
865 4309 1008 4359 enim
1043 4310 1411 4358 contemserat.

1480 2092 1755 2157 ——CicataeJ
1804 2094 1935 2146 Quas
1956 2093 2119 2143 herba
2146 2092 2301 2142 noxio
2330 2093 2543 2157 semine,

1482 2175 1539 2220 et
1574 2170 1767 2235 frigore
1807 2171 2080 2235 extinguit.
2144 2169 2318 2221 Labie.
2393 2170 2545 2220 Cicu-

1482 2248 1764 2297 tam‘enlm
1797 2248 1962 2312 probe
2005 2255 2172 2298 tusam
2218 2260 2280 2295 ac
2323 2245 2541 2296 dilutam

1480 2323 1826 2394 propinabant
1857 2325 1908 2374 in
1944 2325 2125 2388 calice,
2158 2338 2298 2373 more
2320 2323 2547 2373 medica-

1480 2406 1804 2449 mentorumt
1856 2400 2011 2465 idque
2043 2401 2167 2448 rasin
2186 2398 2430 2463 φάρμακον
2466 2397 2544 2447 di·

1481 2477 1717 2527 cebatur.
1770 2479 1972 2528 Cauno.
2051 2478 2239 2527 Cicuta
2260 2477 2393 2526 enim
2418 2478 2546 2541 pub·

1480 2556 1583 2606 lice
1601 2556 1907 2606 servabatur
1928 2556 2143 2606 Athenis
2165 2554 2232 2604 ad
2257 2555 2543 2619 puniendos

1483 2641 1677 2684 sontes.
1742 2634 1913 2684 lubin.

1549 2713 1580 2758 ³
1608 2709 1741 2774 Quo,
1769 2709 1873 2773 qt]
1921 2708 2294 2773 Prosopopoeia
2312 2708 2546 2758 Socratis

1481 2785 1691 2834 mortui.
1777 2784 1841 2833 Id
1886 2791 1984 2846 est,
2022 2785 2143 2836 Qua
2175 2784 2388 2846 virtute,
2429 2799 2549 2848 pru-

1484 2860 1682 2924 dentia,
1698 2868 1755 2911 et
1772 2862 2104 2922 auctoritate,
2120 2867 2318 2911 tantam
2339 2861 2545 2924 imperii

1483 2938 1670 2986 molem
1693 2938 1743 2986 in
1767 2944 1822 2987 te
1844 2937 2055 3001 suscipis
2072 2936 2257 2987 ?—Dic
2277 2938 2382 3003 hoc]
2413 2943 2549 3000 Περι-

1483 3009 1655 3074 φράοτι
1691 3011 1941 3061 describit
1975 3012 2059 3062 hie
2093 3011 2437 3076 Alcibiadem,
2460 3013 2547 3077 qni

1486 3086 1876 3136 Atheniensium
1899 3088 2180 3151 imperator
2193 3103 2436 3150 summus,
2450 3087 2552 3138 for-

1487 3176 1570 3211 ma
1607 3163 1836 3228 corporis
1873 3163 2307 3228 incomparabilis,
2338 3166 2549 3216 summis

1488 3238 1684 3301 ingenii
1720 3238 1930 3287 dotibus
1967 3239 2178 3303 egregie
2214 3249 2444 3302 ornatus,
2478 3241 2551 3290 in·

1489 3328 1649 3377 snper
1683 3314 1812 3363 adeo
1836 3314 2075 3377 disertus,
2096 3323 2167 3366 ·ut
2200 3330 2351 3365 nemo
2388 3320 2438 3366 ei
2476 3317 2553 3367 di·

1488 3388 1655 3437 cendo
1676 3389 1919 3439 resistere
1943 3399 2133 3454 posset.
2190 3391 2386 3441 Rursus
2412 3400 2554 3443 tanto

1489 3463 1734 3513 vitiorum
1779 3467 1979 3529 agmine
2024 3466 2361 3525 deformatus,
2405 3477 2465 3518 ut
2509 3470 2554 3520 si

1491 3542 1619 3591 vitia
1638 3543 1917 3592 virtutibus
1940 3560 2141 3608 penses,
2176 3546 2360 3595 merito
2391 3547 2554 3597 addu-

1490 3618 1647 3675 bites.
1677 3618 1898 3667 laudene
1939 3634 2003 3668 an
2044 3621 2302 3683 vituperio
2347 3623 2555 3687 dignior

1489 3693 1931 3757 fuerit—Magni,
1971 3696 2074 3759 ξε]
2146 3698 2266 3746 Fuit
2303 3698 2557 3764 Pericles,

1493 3778 1728 3833 patruus,
1780 3770 1863 3818 vel
1919 3772 2202 3820 avunculus
2247 3771 2556 3827 Alcibiadis.

1494 3847 1671 3908 Magni
1702 3847 1845 3897 dicit.
1914 3850 2107 3898 Novies
2125 3850 2257 3900 enim
2279 3852 2451 3903 hostes
2476 3872 2556 3907 su-

1493 3923 1715 3987 peravit,
1741 3930 1796 3972 et
1835 3923 1975 3974 inter
2008 3925 2109 3974 alia
2140 3926 2338 3977 Samios
2376 3930 2559 3982 Ionum

1493 4000 1879 4064 potentissimos
1902 4001 2115 4063 devicit,
2153 4003 2457 4069 illorumque
2479 4023 2560 4057 ur·

1495 4077 1611 4125 bem
1634 4076 1847 4139 deiecit.
1914 4078 1996 4128 De
2019 4093 2121 4143 qno
2146 4080 2263 4129 vide
2279 4082 2556 4133 sustinum.

1500 4152 1690 4202 Potest
1712 4160 1885 4202 antem
1906 4154 2009 4218 legi
2039 4155 2215 4203 Pericli
2249 4163 2304 4204 et
2340 4157 2559 4209 Periclis.

1498 4230 1777 4293 ——Papt'HeJ
1844 4231 2166 4295 Emphatice.
2249 4232 2384 4282 Quia
2418 4235 2559 4286 enlm

1497 4308 1727 4371 pupillus
1766 4306 1951 4370 adhuc,
1984 4307 2399 4357 administrandae
2434 4309 2560 4361 Rei⁴
