3050 4913
1224 394 1392 445 SA'H
1404 395 1504 442 BA
1552 393 1653 441 vl.

2411 378 2541 448 16⁷

330 543 712 610 Maeonides
742 542 1031 622 Quintus
1059 560 1322 625 pavone
1351 561 1437 605 ex
1471 540 1915 625 Pythagoreo.
1957 533 1970 546 ’
2009 574 2014 580 ·

334 646 478 710 Hic
511 666 632 729 ego
663 664 932 710 securus
960 644 1165 727 vulgi,
1192 649 1259 707 et
1285 643 1446 728 quid
1477 646 1816 725 praeparet
1840 639 2086 706 Auster

335 794 649 859 Pythagorea.
716 795 829 861 Ego
852 795 1068 844 Persius
1091 793 1232 843 isthic
1268 795 1388 856 dego
1427 809 1518 843 mm
1555 791 1728 842 ana-im
1765 804 2054 841 sermonum
2085 788 2266 854 pletas,-
2297 793 2344 838 εἰ
2377 804 2545 852 param

1338 923 1550 975 NO'rAE

335 1022 525 1072 Persio
548 1028 730 1072 notant
750 1029 955 1072 veteres
978 1022 1194 1074 Glossae.

408 1099 561 1163 Ειυιί]
611 1098 815 1157 Ennius,
850 1098 1042 1162 Epicns
1078 1098 1245 1147 Poeta
1266 1097 1406 1147 inter

336 1170 556 1225 Latinos
597 1184 713 1238 post
760 1174 874 1223 Liv.
921 1172 1275 1223 Andronicum
1320 1188 1404 1221 ve-

338 1251 672 1312 tustissimus,
713 1250 941 1300 Annales
979 1250 1166 1314 Populi
1190 1250 1402 1300 Romani

336 1322 564 1397 scripsit,
618 1336 673 1376 et
729 1327 828 1377 alia
882 1326 1137 1393 qnaedam,
1188 1342 1401 1392 quorum

339 1402 638 1466 fragmenta
671 1403 927 1452 duntaxat
961 1410 1256 1466 supersunt.
1342 1402 1405 1451 In

340 1479 510 1529 Ennio
544 1478 787 1527 elucebat
821 1478 1082 1540 ingenium
1121 1493 1258 1538 acre,
1292 1494 1406 1528 eru·

342 1553 474 1617 ditio
528 1554 822 1618 multiplex,
892 1555 1082 1616 cultus,
1136 1555 1405 1613 modestia,

342 1630 578 1693 comitas,
599 1629 848 1693 probitas,
869 1628 1017 1691 fides,
1040 1634 1137 1679 dcc.
1197 1631 1265 1680 Et
1289 1646 1406 1680 cum

343 1705 605 1769 triplicem
633 1705 856 1769 linguam
891 1706 1124 1768 calleret,
1149 1706 1407 1768 Gra-cam,

346 1781 553 1843 Oscam,
576 1782 827 1844 Latinam,
865 1782 1041 1830 dicere
1079 1782 1256 1831 solitus
1295 1789 1407 1832 erat

344 1859 447 1908 tria
470 1874 526 1909 se
559 1858 719 1908 corda
739 1850 947 1907 habere.
1016 1858 1262 1922 Crinitus,
1283 1858 1407 1907 Gcl·

344 1932 462 1997 lius,
502 1947 645 1984 xvn.
683 1938 764 1983 17.
800 1933 911 1983 Cic.
950 1934 1104 1983 Tusc.
1142 1935 1338 1983 Quaest.
1373 1947 1407 1984 ι.

346 2028 487 2062 num.
511 2015 593 2062 34.
629 2012 962 2076 Epitaphium
1004 2012 1158 2061 Ennii
1193 2010 1259 2060 ab
1296 2011 1409 2076 ipso

347 2091 598 2154 scriptum
634 2088 821 2139 refert:
857 2087 1151 2153 ‘Aspicite,
1186 2104 1217 2137 o
1250 2089 1410 2151 cives,

348 2167 485 2217 senis
530 2166 682 2217 Ennii
728 2165 953 2230 imagini'
996 2164 1228 2215 formam.
1309 2163 1410 2213 Hic

348 2248 578 2292 vestrum
633 2242 815 2305 panxit
860 2242 1085 2290 maxima
1127 2239 1268 2290 facta
1322 2255 1411 2303 pa-

348 2328 503 2367 trum.
571 2319 739 2367 Nemo
777 2332 857 2365 me
897 2316 1137 2380 lacrymis
1182 2316 1410 2373 decoret,

345 2407 445 2443 nec
470 2392 653 2443 funera
690 2390 817 2442 fletu
854 2391 1027 2452 Faxit,
1062 2391 1201 2441 Cur?
1235 2390 1409 2439 Volito

350 2472 488 2522 vivu’
523 2488 617 2537 per
639 2487 726 2521 ora
749 2470 949 2520 virum!
1018 2471 1208 2519 Horat.
1241 2469 1408 2532 Epist.

345 2564 413 2601 11.
441 2556 486 2600 1.
515 2551 530 2576 ⁴
546 2550 740 2599 Ennius
762 2556 817 2599 et
846 2548 1069 2612 sapiens,
1090 2556 1144 2598 et
1167 2545 1335 2610 fortis,
1357 2553 1411 2594 et

348 2626 487 2676 alter
540 2626 813 2688 Homerus,
868 2625 943 2672 Ut
986 2622 1158 2673 critici
1214 2623 1413 2685 dicunt,

349 2703 539 2754 leviter
560 2717 743 2753 curare
770 2700 976 2764 videtur
1009 2702 1126 2754 Quo
1165 2701 1416 2765 promissa

351 2779 558 2842 cadant,
582 2786 638 2828 et
660 2778 855 2827 somnia
878 2776 1242 2840 Pythagorea?

420 2858 677 2920 Podquam
696 2854 968 2916 destertuit,
988 2852 1096 2916 esa]
1161 2854 1291 2902 Tum
1315 2853 1416 2903 hoc

347 2931 526 2998 jubet,
569 2948 684 2982 cum
732 2932 869 2995 sapit
911 2929 1151 2990 maxime,
1193 2935 1247 2977 et
1302 2943 1417 2978 cum

351 3023 479 3058 vere
526 3016 609 3058 est
651 3008 877 3060 Quintus
924 3006 1140 3067 Ennius,
1178 3019 1275 3054 nec
1304 3006 1417 3068 jam

354 3084 579 3134 somniat
616 3098 728 3132 esse
767 3097 823 3131 se
866 3082 1166 3139 Homerum,
1205 3094 1297 3129 seu
1330 3080 1419 3129 ha-

356 3156 487 3209 bere
508 3174 565 3208 se
589 3159 808 3208 animam
833 3156 1066 3207 Homeri.
1133 3156 1231 3205 Vel
1263 3163 1321 3206 ut
1343 3155 1420 3205 ait

356 3234 644 3297 Mamilius,
662 3234 829 3283 Persii
850 3248 992 3283 meus
1017 3238 1124 3283 est:
1149 3239 1419 3297 postquam

355 3308 633 3360 Annalium
655 3310 804 3359 initio
828 3308 1025 3357 Ennius
1042 3309 1270 3358 narravit
1293 3323 1422 3357 som·

356 3385 499 3436 nium
523 3402 670 3436 suum
693 3387 758 3435 de
782 3392 1071 3449 apparente
1102 3386 1422 3446 sibi‚Home·

356 3476 436 3530 ro,
454 3469 513 3512 et
544 3462 833 3512 affirmante
868 3476 1009 3510 stiam
1043 3462 1165 3511 olim
1200 3461 1420 3510 animam

347 3537 459 3601 jam
479 3540 633 3588 Ennii
656 3552 791 3599 esse,
810 3541 910 3586 dcc.
933 3543 1040 3585 tum
1064 3544 1244 3600 portus
1263 3537 1420 3586 Lunae

358 3614 757 3678 descriptionem
782 3626 1053 3676 aggressus
1076 3611 1230 3674 jubet
1254 3619 1422 3660 atten-

361 3683 505 3750 dere,
524 3691 617 3740 hoc
638 3689 918 3751 versiculo,
939 3693 1008 3738 est
1030 3704 1185 3752 opera
1200 3689 1424 3752 pretinm,

359 3767 442 3834 ξε.
478 3773 536 3815 ιιι
566 3781 741 3831 supra.
808 3765 930 3815 Huc
953 3765 1185 3829 pertinet
1210 3765 1345 3831 quod
1370 3764 1424 3813 in

361 3841 584 3905 Prologo
609 3841 817 3905 scripsit
838 3841 1069 3905 Persius,
1091 3857 1166 3891 vs.
1187 3846 1238 3891 2.

429 3922 487 3968 11
524 3909 808 3983 Mra-onitin]
865 3917 951 3968 Ita
974 3918 1146 3968 dictus
1171 3919 1425 3968 Homerus

363 3987 448 4044 'vel
471 4010 505 4044 a
539 3995 766 4044 Maeonia
797 3995 986 4059 patria,
1021 3996 1101 4044 vel
1122 3993 1262 4060 quod
1283 4000 1425 4044 esset

359 4070 580 4142 §laenis
603 4070 757 4122 filius.

428 4142 662 4210 Quium]
686 4147 836 4196 Ennii
853 4148 1151 4212 praenomen
1169 4153 1269 4210 est,
1285 4146 1427 4212 quic-

363 4220 490 4292 quid
508 4221 693 4291 nugati
713 4222 819 4274 sint
854 4223 1013 4291 aliqui
1051 4223 1118 4274 de
1158 4221 1340 4291 quinta
1359 4222 1425 4273 ab

1485 1022 1714 1071 Homero
1743 1017 2192 1083 metempsychosi.
2239 1019 2395 1067 Turn.
2414 1028 2549 1065 xxx.

1482 1105 1530 1149 7.
1553 1099 1774 1150 Casaub.
1795 1098 1898 1148 alii.

1551 1177 1742 1225 Paeone
1762 1190 1824 1224 ex
1847 1169 2174 1238 Pythagoreo]
2199 1171 2260 1220 Id
2279 1178 2378 1233 est,
2393 1171 2550 1221 Post·

1486 1269 1637 1319 qnam
1682 1254 1880 1303 Ennius
1935 1250 2131 1314 fingere
2188 1249 2344 1298 desiit
2386 1247 2549 1297 immi-

1484 1344 1660 1391 grasse
1684 1328 1739 1378 in
1770 1343 1824 1377 se
1850 1327 2071 1377 animam
2108 1325 2345 1386 Homeri,
2382 1340 2413 1374 a
2447 1339 2549 1388 qno

1484 1406 1570 1455 illa
1595 1407 1646 1454 in
1672 1419 1944 1469 pavonem,
1966 1418 2027 1453 ac
2050 1403 2238 1452 deinde
2260 1403 2311 1451 in
2355 1402 2550 1464 Pytha-

1486 1496 1693 1546 goram3
1718 1488 1902 1546 postea
1926 1495 2047 1529 vero
2071 1480 2120 1528 in
2141 1479 2551 1529 Enniumtrans·

1484 1559 1642 1607 iisset.
1738 1557 1894 1619 Diog.
1955 1555 2127 1607 Laii-rt.
2193 1555 2230 1603 l.
2277 1567 2401 1603 vm.
2458 1553 2553 1617 ait,

1487 1633 1840 1699 Pythagoram
1882 1633 2056 1681 dicere
2094 1631 2298 1680 solitum
2334 1629 2552 1679 animam

1488 1725 1630 1759 suam
1673 1709 1893 1773 primum
1932 1706 2091 1756 fuisse
2134 1705 2422 1760 AEthalidis.
2465 1705 2555 1769 qui

1492 1785 1738 1836 Mercurii
1762 1783 1895 1834 filius
1913 1784 2117 1833 habitus
2141 1789 2237 1845 est,
2259 1782 2324 1830 ab
2359 1782 2555 1831 Eutha-

1488 1862 1593 1911 lide
1629 1863 1681 1911 in
1716 1860 2070 1925 Euphorbum,
2096 1859 2162 1907 ah
2195 1858 2294 1906 hoc
2329 1857 2381 1905 in
2418 1856 2553 1905 Her-

1488 1938 1806 1999 motliimum,
1844 1943 1961 1999 post
1987 1936 2037 1984 in
2061 1934 2321 1997 Pyrrhum
2350 1933 2554 1982 Delium

1489 2015 1817 2078 piscatorem,
1852 2012 2074 2075 deniqne
2114 2011 2165 2059 in
2206 2010 2555 2074 Pythagoram

1492 2090 1902 2154 transmigrasse.
1992 2086 2151 2137 Ovid.
2194 2088 2324 2136 Met.
2370 2099 2463 2135 xv.
2508 2089 2557 2135 3.

1490 2167 1841 2231 Pythagoram
1887 2165 1961 2216 ita
1996 2165 2291 2229 loquentem
2336 2162 2554 2213 inducit.

1490 2245 1505 2271 ‘
1541 2243 1665 2307 Ipse
1720 2258 1814 2308 ego
1867 2245 2009 2305 (nam
2064 2239 2295 2303 memini)
2347 2238 2560 2304 'Ptojani

1494 2328 1729 2385 tempore
1763 2320 1886 2370 belli
1911 2317 2231 2369 Panthoides
2252 2315 2559 2381 Euphorbus

1489 2398 1665 2459 eram,'
1690 2400 1792 2446 stc.
1828 2396 2036 2444 Persius
2060 2394 2142 2442 liic
2165 2392 2371 2442 deridet
2394 2393 2556 2439 aniles

1489 2474 1603 2523 illas
1624 2474 1891 2538 opiniones
1910 2473 1976 2521 de
1999 2468 2433 2532 metempsychosi
2454 2469 2558 2532 Py-

1492 2551 1775 2613 thagorica.
1863 2546 2019 2600 Quod
2064 2552 2120 2597 et
2170 2544 2300 2594 fecit
2344 2543 2560 2595 Tertull.

1493 2625 1613 2676 Lib.
1638 2626 1704 2675 de
1731 2624 1937 2686 Anima,
1973 2638 2093 2687 cap.
2115 2625 2198 2671 24.
2229 2626 2286 2669 et
2305 2633 2415 2683 seq.
2439 2633 2560 2682 cap.

1496 2715 1617 2749 vero
1641 2704 1721 2750 33.
1759 2700 1834 2749 sic
1869 2699 2055 2749 habet:
2091 2698 2109 2726 ⁴
2131 2710 2318 2759 pavum
2357 2709 2412 2744 se
2453 2707 2561 2743 me-

1494 2778 1646 2828 minit
1672 2777 1928 2827 Homerus
1947 2774 2114 2825 Ennio
2132 2773 2447 2822 somniante:
2468 2768 2562 2820 sed

1497 2856 1681 2906 Poetis
1714 2869 1810 2904 nec
1833 2851 2166 2916 vigilantibus
2198 2848 2440 2910 credam,·
2461 2850 2561 2896 &c-

1498 2933 1570 2981 Et
1607 2946 1724 2995 cap.
1756 2935 1837 2979 34.
1871 2931 1886 2957 ‘
1907 2929 1970 2978 In
2017 2941 2217 2992 pavone
2261 2923 2565 2973 tunderetur

1498 3009 1779 3069 Homerus,
1801 3008 1933 3057 sicut
1955 3007 2006 3055 in
2026 3005 2317 3069 Pythagora
2336 3003 2566 3065 Euphor·

1498 3084 1631 3133 bus.'
1720 3084 1867 3133 Idem
1922 3081 2293 3139 Tertullianus,
2336 3077 2455 3128 Lib.
2501 3077 2568 3132 de

1501 3160 1798 3210 Resurrect.
1819 3159 2006 3218 carnis,
2027 3172 2141 3220 cap.
2164 3161 2210 3205 1.
2235 3170 2375 3204 num.
2397 3159 2446 3204 7.
2469 3157 2484 3183 ‘
2508 3160 2567 3203 ut

1498 3238 1554 3289 in
1586 3238 1935 3302 Pythagoram
1958 3235 2283 3301 Enphorbus,
2308 3232 2568 3283 Homerus

1500 3314 1554 3363 in
1583 3329 1769 3378 pavum
1794 3310 2198 3364 recenseantur!
2267 3308 2478 3359 Pariter
2509 3310 2565 3358 S.

1504 3390 1718 3442 Hieron.
1737 3390 1910 3454 Apoll.
1928 3403 2013 3440 m.
2033 3388 2274 3438 adversus
2290 3382 2568 3445 Ruffinum,

1501 3467 1656 3531 paulo
1708 3473 1830 3516 ante
1873 3465 2044 3515 finem.
2133 3465 2204 3512 Et
2260 3459 2565 3511 Lactantius

1502 3542 1805 3602 Firmianus,
1825 3556 1911 3591 ru.
1938 3545 2017 3590 18.
2051 3546 2107 3589 et
2129 3552 2234 3587 vn.
2256 3541 2339 3586 23.
2375 3534 2463 3585 ubi
2494 3535 2568 3586 sic

1501 3618 1604 3668 nit:
1640 3619 1655 3645 ‘
1678 3617 2001 3681 Pythagoras
2033 3613 2253 3663 transire
2286 3610 2481 3660 animas
2517 3610 2570 3659 in

1503 3706 1637 3742 nova
1669 3705 1886 3755 corpora
1917 3689 2221 3754 disputavit,
2239 3687 2331 3736 sed
2354 3686 2565 3750 inepte:

1501 3775 1625 3817 —et
1657 3768 1880 3831 seipsum
1911 3782 1979 3817 ex
2001 3765 2281 3831 Euphorbo
2303 3762 2468 3815 fuisse
2487 3778 2566 3815 re·

1504 3842 1775 3909 paratum'

1570 3927 1633 3972 12
1661 3921 1762 3971 Hic
1781 3920 1893 3984 ego]
1927 3919 1990 3970 In
2011 3926 2168 3984 portu
2191 3920 2355 3970 Lunae
2377 3931 2572 3979 versor,

1503 4004 1564 4048 nt
1574 3999 1686 4062 jam
1708 3996 1926 4048 dictum.
1990 3997 2196 4050 Securus
2211 3995 2365 4059 uulgi,
2383 4008 2571 4058 parum

1506 4089 1693 4125 curans
1726 4087 1958 4125 rumores
1995 4072 2271 4137 populares
2288 4091 2302 4131 ς
2337 4067 2572 4132 procula

1506 4151 1709 4217 vulgari
1732 4151 1973 4216 strepitu,
2002 4156 2059 4200 et
2080 4149 2376 4200 ambitione.

1575 4228 1644 4278 Ee
1665 4227 1781 4293 quid
1795 4231 2036 4292 preparet
2057 4223 2260 4287 Auster]
2285 4219 2423 4275 Quid
2439 4233 2572 4272 mor*-
