3050 4913
1147 394 1596 446 Juvenum.
2303 380 2476 454 118⁷

274 543 493 616 aitico,
541 563 723 623 quem
773 552 970 604 tamen
1017 560 1135 603 non
1181 542 1333 603 adeo
1376 562 1650 622 magnum
1697 562 1825 604 esse
1873 543 2246 618 crediderim,
2302 567 2476 609 nemo

274 640 458 700 adbuc
488 642 756 701 solicitus
782 641 916 700 fuit.

347 736 379 767 ⁴
403 741 436 772 ⁶
481 736 706 796 Veneta
736 753 841 797 11.
876 741 960 811 (n.
995 739 1117 808 55.)
1156 736 1457 796 June-nulia
1493 756 1622 797 cum
1653 739 1885 797 Domit.
1919 737 2225 799 Calderini
2259 741 2469 802 Veron.
2537 716 2544 723 ι

277 841 328 893 et
356 832 461 892 Ge.
499 833 689 892 Vallae
718 833 991 893 Placent.
1021 836 1448 893 commentariis
1486 834 1639 908 (sine
1669 835 1960 896 mentione
1997 837 2133 906 loci,
2178 837 2278 897 sed
2317 836 2475 897 baud

280 928 451 991 dubie
482 929 767 1002 venetiis)
799 950 912 1009 per
941 930 1238 990 Bonetum
1269 930 1635 990 Locatellum
1661 939 1857 993 octavo
1888 932 2034 993 Idus
2063 934 2474 995 Martii-fol.

284 1037 452 1099 1492.

351 1125 508 1186 Haec
552 1124 733 1185 editio
774 1126 834 1185 in
878 1123 1235 1203 quibusdam
1276 1124 1421 1183 locis
1459 1126 1584 1184 Sat.
1621 1139 1669 1183 1.
1711 1135 1769 1184 et
1800 1141 1879 1184 11.
1921 1144 1954 1184 a
1987 1125 2225 1197 Beckio,
2268 1130 2352 1204 (v.
2398 1127 2480 1187 ad

279 1224 487 1281 venet.
521 1226 600 1294 1.)
638 1221 741 1280 sed
771 1230 897 1280 tota
939 1240 974 1279 a
1015 1220 1307 1298 principio
1348 1220 1423 1279 ad
1454 1219 1629 1279 tinem
1671 1240 1706 1279 a
1734 1222 2030 1281 Maittario
2071 1223 2130 1282 in
2158 1223 2255 1282 ed.
2289 1225 2479 1286 Lond.

285 1317 457 1386 1716.
488 1318 710 1377 collata
732 1328 839 1377 est.
922 1317 1206 1396 Congruit
1233 1318 1578 1397 plerumque
1606 1338 1741 1378 cum
1772 1322 1995 1379 Veneta
2020 1335 2147 1379 vn.
2177 1338 2233 1378 a.
2265 1320 2442 1381 1486.

354 1414 388 1445 ⁶
430 1417 665 1474 Veneta
720 1430 854 1474 111.
908 1421 994 1490 (n.
1054 1414 1180 1485 56.)
1230 1414 1539 1475 Jumalis
1590 1434 1716 1474 cum
1771 1416 1962 1475 tribus
2019 1415 2483 1492 Commentariis,

281 1512 546 1574 videlicet
588 1510 743 1571 Ant.
775 1510 1149 1580 Manciaelli,
1193 1513 1453 1571 Domitii
1499 1509 1822 1583 Calderr‘ni,
1870 1513 1979 1573 Ge.
2012 1511 2487 1574 Valla—Vene-

283 1608 371 1667 tiis
414 1611 757 1688 impr-emm
798 1618 883 1668 est
929 1610 1037 1668 hoc
1078 1608 1382 1668 Juvenalfs
1417 1627 1567 1686 opus
1608 1628 1736 1668 cum
1773 1609 1969 1667 tribue
2007 1612 2336 1669 commentis
2369 1628 2485 1689 per

282 1703 567 1764 lennem
599 1704 668 1765 de
695 1713 880 1764 cereto
905 1704 976 1765 de
996 1705 1224 1765 tridino
1242 1703 1341 1779 (al.
1368 1702 1701 1762 Tacuinum
1726 1703 1800 1762 de
1824 1704 2096 1779 Tridino)
2123 1703 2219 1763 die
2238 1707 2487 1769 secundo

287 1800 817 1862 Decembris—fol.
855 1808 1027 1872 1492

359 1899 479 1957 Hic
509 1898 914 1977 typographus
953 1897 1172 1974 primus
1213 1904 1274 1956 et
1316 1895 1792 1955 commentarium
1824 1894 2180 1966 Mancinelli,
2225 1906 2286 1956 et
2309 1900 2488 1961 Juve-

282 1993 464 2052 nalem
509 2012 648 2051 cum
693 1993 879 2051 tribus
925 1992 1271 2052 commentis
1315 1991 1482 2069 prelo
1522 1991 1783 2050 excudit.
1871 1993 2145 2070 Repetita
2186 1994 2262 2053 ab
2289 2014 2361 2053 eo
2398 2007 2492 2057 est

284 2088 409 2150 hec
451 2089 641 2150 editio
686 2110 824 2149 mox
869 2109 925 2149 a.
971 2096 1144 2160 1494.
1187 2098 1243 2147 et
1291 2088 1478 2147 tribus
1527 2089 1955 2148 commentariis
1995 2088 2204 2149 deinde
2245 2102 2488 2169 quartus

282 2186 528 2247 Her-ulae
573 2187 850 2267 adjectus
878 2206 933 2246 a.
970 2194 1143 2256 1498.
1186 2195 1246 2244 et
1280 2194 1453 2246 1501.
1540 2186 1639 2244 Ab
1666 2185 1874 2244 eodem
1923 2189 2488 2265 quoque—juvenalis

282 2303 410 2346 cum
435 2304 659 2345 comm.
689 2286 787 2345 Jo.
820 2282 1141 2344 Britannici
1165 2281 1357 2341 editus
1385 2284 1597 2341 Venet.
1634 2291 1809 2353 1509.
1834 2290 1895 2341 et
1928 2291 2102 2343 1512.
2173 2284 2242 2342 In
2269 2287 2494 2346 Veneta

281 2381 392 2440 hac
421 2397 562 2440 111.
594 2379 849 2451 titulum,
881 2379 937 2437 in
968 2398 1087 2459 quo
1113 2378 1289 2436 etiam
1321 2380 1682 2455 Argumenta
1702 2380 2036 2458 Satyrarum
2065 2380 2099 2439 J
2108 2380 2360 2440 uvenalis
2390 2400 2495 2461 per

284 2481 502 2538 Anton.
543 2477 969 2537 Mancinellum'
1006 2477 1298 2552 leguntur,
1336 2475 1673 2553 excipiunt:
1739 2487 1793 2536 1.
1838 2476 2094 2534 Antonii
2139 2477 2494 2538 Mancinella·

286 2566 575 2634 Veliterni
601 2593 658 2633 a.
698 2572 977 2633 Praefatio
1016 2571 1093 2631 ad
1124 2572 1538 2632 Reverendum
1579 2573 1722 2632 aedis
1763 2572 2125 2632 Geminianae
2155 2574 2495 2634 Antistitem

284 2673 540 2752 Divique
569 2672 760 2731 Marci
788 2670 1152 2731 canonicum
1181 2669 1494 2729 Nicolaum
1524 2671 1793 2730 Rubeum
1838 2668 2136 2748 patritium
2167 2669 2495 2738 Venetum,
2478 2690 2494 2705 ·

284 2770 403 2855 (cui
429 2770 726 2830 dedicavit
763 2770 995 2829 comm.
1024 2788 1189 2828 suum
1221 2769 1277 2826 in
1302 2769 1336 2828 J
1344 2768 1605 2827 uvenalis
1634 2770 1891 2846 Satyras,
1935 2785 2079 2843 quas
2107 2767 2275 2826 almae
2311 2768 2500 2826 virtu-

287 2872 368 2930 tis
383 2875 715 2949 perpetum
755 2886 889 2946 opes
916 2874 972 2926 et
1002 2866 1152 2926 bona
1190 2866 1360 2925 verba
1385 2865 1668 2946 appellat)
1733 2866 1793 2926 b.
1821 2863 2118 2924 juvenalis
2147 2863 2497 2932 commoda}

292 2985 348 3025 c.
376 2967 450 3027 de
478 2968 735 3045 Satyra·
820 2965 882 3023 d.
913 2965 1042 3022 loca
1072 2962 1345 3040 quaedam
1374 2982 1407 3019 e
1435 2961 1701 3040 plurimis
1744 2961 1834 3018 vel
1864 2945 2080 3018 intacta
2105 2960 2195 3018 vel
2222 2978 2391 3018 secus
2420 2959 2499 3018 ab

290 3063 415 3123 aliis
440 3062 735 3141 exposita.
810 3063 905 3135 (ln
935 3060 1023 3119 his
1042 3057 1405 3137 explicandis
1436 3058 1750 3136 plurimum
1781 3055 1981 3133 posuit
2010 3056 2207 3127 studii,
2238 3064 2298 3114 et
2324 3076 2398 3115 ex
2425 3075 2497 3114 eo

289 3180 529 3240 operam
560 3179 730 3219 suam
756 3159 883 3217 vult
912 3156 1232 3230 mstimari.)
1313 3164 1370 3216 2.
1404 3155 1667 3214 Domitia·
1699 3151 2002 3212 Calderini
2039 3152 2249 3212 Veron.
2282 3150 2499 3212 Secret.

292 3257 568 3338 Apostol.
598 3258 654 3314 in
685 3255 1129 3314 commentarios
1157 3252 1452 3315 luvenalis
1480 3252 1557 3310 ad
1588 3251 1813 3310 clariss.
1838 3249 2024 3308 virum
2049 3250 2343 3309 sulianum
2373 3249 2502 3306 Me·

292 3353 466 3414 dicen
494 3354 660 3413 Petri
688 3353 887 3412 Cosmi
918 3351 1099 3410 filium
1130 3350 1551 3409 Florentinum.
1637 3356 1695 3407 3.
1728 3348 1836 3407 Ge.
1874 3344 2061 3406 Vallae
2092 3346 2279 3424 Epist.
2303 3344 2499 3408 ad-lll.

289 3451 494 3510 Virum
524 3453 625 3511 Jo.
655 3449 945 3509 Tuccium
979 3447 1400 3507 Pannonicum.
1486 3452 1547 3507 4.
1593 3445 1824 3503 Vocnm
1863 3461 1935 3502 ac
1975 3445 2170 3502 reruni
2216 3441 2505 3499 Index.—

296 3546 722 3617 Mos-cimae,
769 3565 822 3605 a.
860 3553 1034 3606 1452.
1076 3553 1248 3602 natus
1289 3539 1544 3610 Velitris,
1591 3537 1730 3598 inde
1756 3559 1787 3597 a
1829 3555 1984 3597 xxl.
2032 3537 2222 3597 aetatis
2251 3553 2408 3594 anno
2446 3534 2505 3594 in

291 3646 568 3724 pluribus
614 3644 801 3702 ltaliae
827 3641 1060 3720 oppidis
1100 3639 1536 3718 grammaticam
1562 3635 1948 3714 liberalesque
1994 3647 2148 3694 artes
2175 3631 2399 3704 docuit,
2447 3640 2509 3692 et

292 3750 415 3801 tum
444 3741 813 3801 institutione
843 3760 963 3808 sua,
1009 3748 1133 3799 111111
1162 3738 1376 3807 multis,
1429 3755 1577 3816 quos
1608 3734 1861 3812 scripsit,
1906 3731 2065 3790 libris
2092 3729 2288 3805 magni
2314 3729 2507 3806 philo-

293 3837 411 3915 logi
434 3836 672 3897 laudem
699 3846 1054 3895 consecutus
1079 3845 1189 3909 est.
1259 3833 1371 3892 Sed
1395 3833 1471 3892 de
1493 3829 1911 3890 commentario
1928 3827 2058 3905 ejus
2079 3826 2138 3884 in
2165 3826 2199 3885 J
2207 3827 2506 3886 uvenalem

298 3934 624 3994 Henninius
664 3933 795 4010 jam
827 3933 941 3991 boe
985 3932 1163 4011 idque
1189 3951 1385 3991 verum
1418 3928 1553 3988 tulit
1585 3924 1921 4003 judicium:
1966 3923 2167 3983 *Nihil
2195 3942 2307 3980 non
2351 3942 2513 4001 mag-

299 4029 540 4090 nificum
591 4029 906 4107 pollicetur
947 4028 1374 4096 Mancinellus;
1417 4043 1614 4085 verum
1656 4034 1741 4096 111,
1787 4020 1950 4100 quod
2001 4039 2090 4080 res
2133 4028 2244 4091 est,
2293 4018 2507 4089 dicam,

301 4124 446 4189 iutra
484 4126 819 4188 fabularum
862 4125 1147 4204 prolixam
1190 4124 1638 4195 enarrationem,
1686 4118 2021 4200 siquando
2067 4116 2361 4177 Iuvenalis
2410 4133 2508 4173 eas
