3050 4913
770 385 1128 448 moninus„
1174 385 1265 432 m·
1309 385 1716 445 scamnum
1751 387 2087 437 mannan.
2336 416 2346 426 -
2493 373 2545 437 τ’

331 550 480 594 rum
525 532 859 595 communi
905 532 1160 596 ratione
1208 530 1551 608 describit,
1603 532 1722 595 sed
1760 551 1991 595 omnes
2013 538 2185 597 artes
2229 525 2531 610 assumit,

332 635 578 717 quibus
608 633 811 717 poeta
854 635 950 698 uti
995 636 1213 718 possit
1249 640 1318 699 et
1356 634 1615 711 debeat,
1667 635 1888 700 omnia
1925 634 2083 699 loca
2128 639 2194 697 et
2238 635 2541 718 regiones

333 723 531 818 q‘uasi
577 735 863 812 ridiculi,
905 735 1172 801 invidiae
1209 743 1278 800 et
1310 736 1775 818 indignationis
1813 742 2274 820 perscrutatur,
2321 756 2543 820 eaque

333 836 481 900 inde
526 837 873 920 depromit,
921 837 1166 920 quibus
1210 837 1476 901 lectoris
1529 839 1839 915 animum,
1893 857 2313 922 quocumque
2351 840 2532 915 velit,

335 937 579 1015 flectat,
634 939 963 1022 simulque
1017 945 1236 1004 teneat
1279 944 1478 1023 atque
1535 941 1835 1005 delectet,
1942 939 2183 1023 Neque
2226 960 2397 1010 ,vero
2452 942 2539 1005 de

335 1040 644 1103 universo
684 1042 995 1105 vitiorum
1039 1060 1271 1122 genere
1321 1043 1458 1123 agit
1501 1040 1725 1125 poeta,
1766 1041 1887 1105 sed
1931 1047 2006 1105 ut
2050 1061 2202 1106 cum
2241 1043 2545 1126 personis

326 1140 562 1222 juncta
590 1161 736 1207 esse
766 1145 1045 1221 soleant,
1075 1144 1228 1207 loco
1256 1162 1522 1227 quoque
1553 1147 1620 1207 et
1658 1149 1956 1225 tempore
1996 1142 2288 1208 definito.
2379 1144 2541 1210 Pcr-

335 1260 521 1307 sonae
571 1250 850 1326 possunt
891 1264 1042 1309 esse
1088 1244 1198 1309 vel
1247 1244 1447 1322 fictae,
1498 1244 1586 1308 ad
1631 1244 1860 1308 vivum
1907 1250 2125 1309 tamen
2169 1264 2538 1328 expressae,

334 1347 440 1409 vel
489 1363 690 1424 verae,
739 1346 1137 1430 turpitudine
1182 1352 1361 1411 notae
1401 1353 1604 1430 atque
1644 1346 1960 1429 insignes.
2050 1346 2206 1424 Quo
2253 1348 2322 1412 id
2353 1368 2531 1414 asse-

335 1447 558 1530 quitur
601 1447 828 1531 poeta,
876 1455 951 1514 ut
1004 1450 1243 1532 paucis
1300 1454 1548 1513 tantum
1604 1449 1798 1513 lineis
1855 1449 2075 1516 ductis
2117 1450 2537 1515 vividissima

335 1549 644 1613 vitiorum
671 1551 888 1633 imago
914 1570 1271 1633 eorumque
1299 1550 1638 1633 turpitudo
1683 1556 1749 1615 et
1793 1550 2171 1617 deformitas
2199 1556 2347 1616 ante
2375 1571 2536 1616 ocu-

336 1650 442 1715 los
469 1653 881 1729 obversetur,
914 1673 1068 1718 cum
1095 1654 1397 1729 hominis,
1429 1653 1537 1716 cui
1585 1671 1667 1715 ea
1703 1653 1945 1730 insunt,
1977 1654 2323 1731 sentiendi,
2353 1652 2537 1736 cogi·

336 1751 519 1814 tandi
550 1760 616 1818 et
643 1755 877 1837 agendi
906 1755 1229 1820 rationem
1265 1755 1446 1820 velut
1473 1753 1690 1818 oculis
1718 1754 2147 1837 contemplari
2173 1755 2550 1820 videamur.-

338 1851 591 1918 Omnes
617 1854 936 1937 imagines
964 1861 1030 1919 et
1058 1854 1542 1930 similitudines,
1573 1853 1814 1935 quibus
1836 1855 2063 1932 utitur,
2112 1875 2152 1920 e
2193 1856 2334 1920 vita
2362 1875 2548 1921 com«

334 1955 520 2018 muni
571 1958 823 2038 petitae,
851 1961 1026 2040 aptae
1074 1962 1271 2040 atque
1313 1955 1606 2037 insignes
1657 1954 1896 2019 debent
1944 1975 2113 2035 esse,
2161 1959 2538 2040 omniaque,

339 2075 496 2139 quae
528 2056 961 2140 proferuntur,
991 2059 1087 2123 ita
1116 2057 1537 2141 temperanda
1566 2062 1738 2135 sunt,
1766 2064 1843 2121 ut
1870 2059 1980 2140 agi
2009 2058 2373 2136 videantur,
2402 2076 2541 2124 non

336 2160 608 2230 narrari.
697 2159 1095 2244 Ratio,.qua
1121 2179 1227 2224 res
1255 2160 1525 2226 tractari
1551 2161 1835 2243 possint,
1865 2161 2210 2245 multiplex
2238 2168 2361 2238 est,
2383 2180 2536 2244 par-

337 2259 592 2343 timque
623 2280 666 2324 a
692 2262 915 2344 poetae
962 2262 1179 2328 indole
1224 2267 1291 2326 et
1327 2266 1581 2339 natura,
1614 2262 1856 2343 partim
1900 2265 1988 2329 ab
2033 2266 2396 2346 argumenti
2431 2283 2537 2328 ra-

338 2362 520 2426 tione
548 2363 811 2446 pendet.
899 2364 1174 2448 Semper
1203 2369 1422 2428 autem
1452 2363 1706 2447 impetu
1756 2365 1982 2447 aliquo
2029 2365 2270 2430 ductus
2316 2366 2545 2429 satiri-

341 2484 465 2530 cus
503 2465 714 2530 videri
765 2466 962 2531 debet
1001 2468 1108 2531 vel
1151 2466 1399 2533 ridendi
1449 2467 1558 2530 vel
1607 2467 1946 2549 carpendi,
1992 2469 2543 2551 occasionemque

339 2566 632 2631 oblatam
661 2570 1041 2652 arripuisse,
1071 2589 1203 2634 non
1230 2570 1667 2652 quaesivisse3
1712 2570 2034 2652 optimum
2060 2569 2256 2650 igitur
2278 2568 2545 2632 dicendi

341 2686 575 2749 genus,
605 2669 782 2753 quod
814 2670 1127 2737 adhibere
1155 2671 1395 2754 poSsit,
1424 2671 1554 2734 hoc
1593 2675 1719 2747 est,
1770 2669 1953 2753 quod
1998 2674 2240 2752 sponte
2280 2677 2347 2732 et
2388 2688 2429 2731 e
2468 2688 2547 2733 re

339 2773 590 2847 natum,
621 2790 752 2834 non
799 2770 916 2834 diu
964 2774 1316 2855 quaesittun
1345 2770 1624 2836 videtur.
1716 2771 1797 2835 In
1824 2791 1956 2854 quo
1980 2772 2184 2837 etiam
2209 2789 2333 2835 nec
2362 2789 2544 2834 acer-

344 2870 521 2935 bitas
569 2878 768 2937 nocet
811 2892 931 2937 nec
981 2874 1359 2951 acrimonia,
1414 2874 1474 2936 si
1525 2891 1629 2937 res
1676 2873 1772 2937 ita
1804 2872 2135 2955 postulat,
2187 2870 2547 2936 dummodo

343 2974 597 3037 salibus
627 2980 693 3038 et
720 2976 1091 3040 urbanitate
1133 2975 1426 3058 quadam
1457 2980 1819 3057 temperata
1844 2974 1954 3051 sit,
1980 2993 2060 3038 ne
2088 2973 2159 3037 in
2181 2992 2363 3037 mera
2392 2993 2547 3051 con-

344 3076 528 3139 vicia
555 3096 661 3140 res
690 3078 905 3142 abeat.
994 3078 1070 3140 Si
1112 3097 1269 3142 vero
1299 3076 1589 3141 studium
1618 3081 1912 3160 apparet,
1942 3075 2155 3140 omnis
2181 3077 2405 3139 satirae
2440 3076 2549 3141 vis

346 3177 836 3264 quodammodo
890 3179 1263 3245 debilitatur
1312 3185 1377 3243 et
1420 3181 1757 3262 frangitur,
1804 3179 2167 3263 praesertim
2208 3178 2274 3241 id
2319 3197 2546 3260 genuS,

346 3279 531 3362 quod
558 3282 691 3344 risu
721 3290 788 3345 et
814 3283 1070 3348 facetiis
1099 3283 1442 3347 bominum
1472 3281 1819 3347 stultitiam
1847 3282 2164 3364 exagitat.
2253 3279 2375 3343 Est
2402 3280 2553 3363 qui-·

347 3381 504 3445 dam
533 3403 740 3448 rerum
770 3384 960 3462 ordo,
992 3387 1105 3469 qui
1134 3386 1351 3470 primo
1382 3391 1660 3469 aspectu
1690 3385 1946 3451 solutus
1991 3402 2138 3447 oese
2175 3380 2435 3445 videtur
2460 3399 2546 3445 ac

346 3484 535 3565 liber,
567 3488 786 3568 qualis
814 3506 960 3550 esse
990 3487 1186 3564 solet,
1217 3507 1369 3550 cum
1397 3487 1533 3569 ipsi
1563 3486 1768 3569 quieti
1795 3483 2202 3567 imaginandi
2244 3482 2544 3546 facultati

347 3589 786 3669 permittimus
830 3590 901 3653 in
942 3589 1343 3653 latissimum
1375 3610 1585 3653 rerum
1616 3608 1947 3671 campum,
1995 3603 2413 3669 quacumque
2441 3583 2544 3647 lu-

346 3690 481 3767 bet,
514 3693 869 3773 expatiari,
918 3711 1055 3774 quo
1084 3696 1239 3755 tunc
1286 3693 1354 3754 in
1395 3691 1620 3754 animo
1647 3710 1753 3753 res
1781 3689 2005 3765 rebus,
2034 3686 2353 3767 imagines
2381 3685 2551 3748 ima·

347 3791 614 3872 ginibus
645 3793 999 3870 succedere
1028 3795 1301 3871 soleant,
1354 3798 1547 3877 prout
1589 3792 1701 3857 vel
1752 3790 1950 3854 simul
1992 3789 2242 3872 junctae
2289 3787 2550 3866 fuerint,

347 3895 458 3958 vel
483 3895 914 3959 similitudine
954 3897 1174 3981 aliqua
1216 3897 1547 3980 copulatae
1576 3896 1727 3959 sint.
1817 3890 2018 3956 Hunc
2066 3889 2357 3954 ordinem
2403 3891 2552 3953 imi*

348 3996 598 4063 tabitur
624 3998 971 4062 satirarum
996 3999 1295 4081 scriptor,
1327 4016 1783 4080 summamque
1812 3998 2016 4059 artem
2056 3993 2126 4057 in
2167 3994 2345 4056 omni
2391 3992 2551 4057 artis

347 4099 732 4181 suspicione
762 4099 1131 4163 amovenda
1159 4099 1544 4163 declarabit.

389 4258 398 4267 .
435 4199 576 4266 His
605 4200 795 4265 lineis
840 4199 924 4264 de
973 4203 1279 4277 universo
1306 4219 1535 4286 genere
1578 4200 1850 4266 satirico
1874 4199 2115 4277 ductis,
2146 4195 2233 4275 ad
2258 4200 2550 4260 nostrum
