3050 4913
1197 392 1654 445 iuvamina.
2054 399 2075 417 ⁴
2350 381 2522 451 1198

301 532 499 605 editio,
528 531 608 593 ad
637 533 907 594 meliores
946 533 1104 594 baud
1153 533 1335 595 dubie
1377 535 1579 608 libros,
1622 544 1744 597 tam
1786 537 2039 617 scriptos
2080 559 2259 618 quam
2302 541 2516 616 editos,

300 630 611 690 recensita.
696 631 915 695 Nihilo,
944 642 1140 690 tamen
1190 632 1381 691 secius
1422 652 1540 691 non
1588 633 1769 693 modo
1815 634 2027 694 Aldina
2074 652 2204 707 111„
2235 636 2339 696 sed
2389 638 2519 698 aliae

303 747 539 806 quoque
566 726 881 797 editiones,
912 747 986 786 ex
1029 727 1257 787 Aldiuis
1299 727 1516 800 ductae,
1548 729 1744 788 multis
1772 729 1830 788 in
1859 731 2002 790 locis
2029 751 2155 792 eam
2185 733 2516 806 deseruere,

302 834 361 881 et
386 822 618 883 rediere
665 824 743 883 ad
783 824 1063 883 Aldinam
1097 839 1143 883 1.
1231 825 1403 884 Unde
1431 834 1628 884 autem
1659 834 1820 885 tanta
1846 828 2107 902 mutatio,
2136 837 2196 888 et
2224 849 2258 888 a
2285 849 2405 908 quo
2433 830 2517 890 iu-

304 919 482 979 ducta
537 921 636 991 sit,
693 920 891 979 dicere
944 940 1064 978 non
1122 919 1333 979 habeo.
1418 920 1639 981 Eadem
1696 921 2083 1003 discrepantia
2136 925 2195 984 iu
2244 926 2513 986 omnibus

304 1020 637 1076 Auctorum
692 1017 1075 1076 classicorum
1115 1016 1468 1076 editionibus
1515 1017 1747 1077 Aldinis
1773 1018 2247 1098 deprehenditur,
2276 1032 2338 1082 et
2364 1041 2510 1082 nuu-

302 1133 482 1192 quam
510 1114 656 1184 sere,
690 1113 851 1192 quod
890 1114 1135 1185 mireris,
1178 1113 1266 1171 vel
1309 1113 1518 1183 Aldus,
1553 1113 1638 1172 vel
1668 1114 1771 1193 qui
1795 1126 1929 1193 post
1956 1136 2011 1176 a.
2050 1125 2244 1190 1515„
2274 1137 2393 1196 quo
2418 1118 2515 1178 ille

300 1229 333 1268 e
360 1210 484 1269 vita
510 1210 797 1281 discessit,
827 1211 1177 1288 posteriores
1221 1219 1500 1270 curarunt
1536 1210 1841 1282 editiones,
1892 1212 1985 1272 vel
2013 1214 2304 1273 minimam
2335 1214 2510 1293 hujus

300 1307 380 1366 rei
405 1307 763 1367 mentionem
791 1307 1081 1368 fecerunt.
1164 1310 1442 1369 Ceterum
1471 1307 1642 1368 editt.
1675 1309 2096 1369 Aldinae‘modo
2126 1312 2298 1384 hanc,
2330 1313 2510 1372 modo

300 1403 455 1462 illam
485 1403 805 1464 editionem
838 1404 1226 1483 antiquiorem
1255 1414 1599 1483 sequuntur,
1629 1405 1844 1482 passim
1875 1426 2012 1481 vero
2041 1407 2320 1467 lectiones
2348 1410 2509 1467 exbi-

304 1498 465 1570 bent,
509 1519 652 1577 quae
703 1519 822 1559 non
868 1500 979 1559 uisi
1021 1500 1077 1558 in
1122 1500 1303 1560 codd.
1349 1502 1519 1571 Mss.,
1564 1511 1624 1559 et
1652 1521 2093 1581 nonuunquam,
2124 1524 2260 1582 quae
2286 1505 2344 1564 in
2373 1504 2510 1583 ipsis

299 1594 527 1655 Aldinis
576 1597 830 1674 primum
879 1596 1287 1675 reperiuntur:
1335 1596 1496 1676 quod
1527 1616 1599 1655 ex
1636 1598 1776 1656 Var.
1810 1598 1977 1659 Lect.
2025 1612 2294 1680 apparet.
2366 1600 2510 1661 lnde

299 1690 660 1770 intelligitur,
691 1712 790 1752 eas
819 1691 893 1752 ad
926 1691 1175 1752 Codices
1203 1693 1454 1770 scriptos
1480 1691 1661 1750 fuisse
1689 1692 2016 1770 castigatas.

378 1788 407 1818 ‘
434 1788 806 1847 Ascensiana
836 1805 915 1849 11.
943 1796 1027 1865 (n.
1058 1787 1185 1862 60.)
1263 1786 1574 1848 Juvenalis
1598 1786 1909 1863 familiare
1937 1798 2318 1850 commentam
2338 1794 2421 1868 (h.
2450 1813 2506 1853 e.

300 1904 432 1944 cum
476 1904 695 1945 comm.
731 1887 861 1945 lod.
895 1887 1062 1946 Badii
1091 1886 1378 1961 Ascensii)
1406 1906 1537 1946 cum
1560 1889 1814 1947 Antonii
1840 1887 2196 1947 Mancinelli
2234 1890 2351 1947 viri
2377 1909 2509 1949 era·

301 1980 587 2041 ditissimi
633 1983 1499 2063 explanatione.—Impressum
1525 1993 1612 2045 est
1640 1985 1748 2046 Ιιοσ
1773 2004 1921 2063 opas
1950 2003 2069 2063 pro
2097 1983 2237 2064 fido
2264 1992 2322 2044 et
2361 1985 2508 2045 bono

298 2078 616 2157 bibliopola
664 2078 962 2159 Stephano
1007 2081 1335 2160 Gaynardo
1373 2085 1483 2142 civi
1509 2082 1875 2163 lugdunensi
1897 2102 1918 2141 .·
1958 2089 2087 2141 arte
2116 2089 2174 2141 et
2203 2082 2505 2143 industria

294 2173 598 2235 Iohannis
625 2176 698 2238 de
731 2177 966 2258 Vingle.
1046 2179 1220 2239 Anno
1242 2179 1456 2239 calatis
1483 2182 1829 2240 christianoe
1856 2178 2086 2239 Milies.
2115 2181 2510 2259 quingentesi-

294 2290 383 2329 ιω
399 2275 603 2350 primo
628 2288 695 2332 v.
725 2272 872 2333 Idas
900 2274 1067 2333 Maii
1094 2274 1531 2352 Lugduni.--4.
1561 2296 1610 2337 s.
1635 2276 1740 2335 fol.
1768 2276 1911 2337 min.
1944 2284 2120 2336 1501.

375 2368 699 2445 Exemplar
744 2370 1119 2431 Ascensiauae
1151 2387 1199 2430 1.
1245 2372 1437 2451 Lugd.
1475 2381 1650 2443 1498.
1681 2371 2046 2450 descriptum
2091 2372 2214 2432 fere
2240 2372 2362 2432 sine
2391 2394 2510 2434 me·

296 2465 563 2525 motabili
591 2467 937 2527 mutatione.

374 2566 405 2596 ⁴
434 2563 666 2622 Veneta
720 2582 843 2623 xx.
898 2571 984 2640 (n.
1037 2569 1163 2640 57.)
1225 2569 1533 2628 Juvenalis
1585 2589 1713 2629 cnm
1768 2575 2025 2648 quatuor
2078 2570 2508 2628 commentariis

301 2657 510 2729 Valle,
544 2660 831 2731 Meridae,
859 2662 1237 2734 Mancinelli,
1264 2672 1319 2723 et
1352 2664 2018 2726 Calderini.—Venetiis
2044 2666 2384 2742 impressam
2419 2669 2505 2725 est

295 2754 402 2813 hac
440 2755 754 2816 Jamalis
799 2776 945 2835 opus
1001 2777 1128 2817 cum
1176 2768 1434 2838 quatuor
1470 2762 1901 2820 commentariis
1944 2779 2072 2839 per·
2106 2760 2395 2820 Joannem
2434 2759 2506 2820 de

301 2849 501 2911 caeto
528 2851 684 2910 alias
716 2850 1036 2913 Tacuinam
1062 2853 1132 2914 de
1162 2855 1417 2926 Tridino
1442 2872 1769 2917 mcccccl.
1796 2856 1887 2917 die
1902 2876 2034 2917 vero
2055 2874 2125 2916 x.
2157 2856 2503 2917 Decembris

295 2946 478 3005 —fol.
512 2956 691 3007 1501.

373 3044 681 3123 Repetitio
710 3046 954 3104 Venetae
1002 3064 1151 3107 xvt.
1201 3067 1257 3108 a.
1293 3057 1471 3121 1498.
1551 3050 1990 3128 Nonnunquam
2021 3050 2099 3108 ab
2126 3068 2193 3109 ea
2223 3049 2502 3122 discedit,

291 3140 511 3200 etalias
538 3141 713 3201 editt.
737 3141 1030 3220 sequitur:
1076 3163 1257 3220 quam
1295 3154 1490 3204 tamen
1519 3144 1793 3205 lectionis
1823 3146 2158 3206 varietatem
2188 3166 2503 3224 excerpere

292 3238 447 3297 baud
470 3257 673 3315 operae
703 3239 951 3316 pretium
983 3238 1147 3300 duxi.

318 3353 323 3354 ⁷
368 3340 401 3372 ⁸
431 3337 755 3398 Brixiensis
808 3357 917 3398 111.
957 3342 1107 3415 (64.)
1186 3340 1488 3400 Juvenalis
1533 3359 1660 3400 cnm
1696 3360 1886 3401 comm.
1930 3338 2505 3402 Britannici.—Im-

278 3453 552 3512 premnt
582 3435 690 3494 lwc
716 3454 866 3515 opas
894 3438 1136 3497 Brioeiae
1161 3436 1236 3495 ab
1264 3435 1501 3517 Angelo
1531 3445 1584 3496 et
1612 3438 1830 3497 Jacobo
1872 3437 2257 3499 Britannicis
2277 3436 2506 3515 fratr-i-

288 3531 411 3601 tm,
440 3551 667 3591 mma
692 3532 960 3593 adhibita
1002 3534 1324 3615 diligentia
1351 3541 1420 3609 ut
1455 3541 1599 3593 esset
1628 3533 2176 3594 emendatissimum.
2256 3533 2434 3594 Anno
2461 3554 2499 3593 a

291 3626 508 3687 Natali
540 3628 775 3688 clar-isti
800 3632 1268 3711 quingentesimo
1286 3631 1678 3710 primo—fol.
1717 3641 1892 3693 1501.
2240 3687 2246 3692 .

366 3725 614 3785 Titulus
638 3726 773 3785 libri
794 3736 884 3787 est
906 3749 922 3788 ε
967 3736 985 3762 ‘
1008 3728 1428 3789 Commentarii
1449 3729 1693 3791 Joannis
1714 3726 2034 3788 Britannici
2051 3726 2112 3785 in
2131 3727 2168 3786 J
2175 3726 2497 3800 uvenalem,

288 3834 422 3879 cum
452 3822 647 3898 gratia
684 3843 720 3882 a
747 3824 960 3883 Ducali
1008 3826 1268 3885 dominio
1306 3828 1701 3897 venetiarum,
1743 3845 1816 3885 ne
1864 3825 1995 3904 quis
2036 3821 2179 3883 alius
2219 3844 2321 3885 eos
2349 3824 2500 3886 iutra

288 3916 645 3978 decennium
678 3917 1014 3997 imprimat.²

937 4017 1184 4076 Carmen
1220 4018 1508 4096 Pamphili
1538 4018 1699 4079 Saxi.

529 4109 707 4180 Tela,
734 4109 916 4182 faces,
932 4114 1560 4192 ‚laqueos,·horrorem,
1591 4116 1856 4190 fulmina,
1887 4134 2133 4189 morsus,

613 4207 896 4302 Verbera,
924 4212 1227 4283 clamores,
1259 4233 1574 4284 murmura,
1602 4213 1784 4288 dicta,
1814 4213 1986 4284 sales,
