3050 4913
549 369 683 437 294

552 527 656 579 sius
674 544 879 581 sensum
895 529 1337 594 absolverat,cnm
1358 532 1617 582 volentem

542 606 807 656 ‘sciscitari
830 607 893 656 ab
914 607 1036 670 isto,
1061 621 1124 656 an
1144 621 1245 656 nou
1278 608 1466 657 Jovem
1490 622 1615 671 quo·

549 682 627 731 vis
640 682 819 746 judice
842 683 1060 732 hnmano
1083 689 1294 747 putaret
1319 683 1615 746 justiorem,

551 757 834 807 antevertit
873 758 1128 821 petitione
1166 773 1256 807 sua
1295 759 1412 820 iste,
1451 766 1503 808 et
1540 759 1614 809 ait

544 834 734 883 ruinam
749 831 775 883 :2
829 834 973 899 quasi
1013 833 1338 899 stupefactus
1381 836 1612 884 novitate

542 909 699 972 hujus
753 908 1176 972 interrogationis
1229 909 1424 974 excipit
1487 924 1611 959 vero

548 984 779 1046 Persius,
797 982 1017 1035 ninam?
1054 985 1317 1036 Casaaboa.

613 1066 676 1111 19
706 1060 932 1125 Viam]
953 1062 1128 1111 Staius
1149 1068 1290 1112 tutor
1307 1062 1610 1127 pupillarius

544 1136 642 1188 fuit
663 1154 676 1188 t
712 1138 880 1188 Gutta
909 1146 964 1187 et
988 1137 1172 1198 Albus,
1197 1145 1251 1188 et
1274 1141 1450 1189 caeteri
1475 1154 1608 1204 prae·

543 1214 719 1278 positi,
736 1214 945 1265 fuerunt
950 1215 1184 1279 judices:
1205 1215 1290 1280 qui
1311 1217 1361 1264 iu
1381 1217 1608 1267 Juniano

536 1291 737 1355 judicio
752 1293 1003 1356 corrupti,
1029 1291 1376 1356 Oppianicum
1401 1292 1606 1341 damna·

538 1374 747 1420 verunt.
770 1370 871 1418 νει.
888 1368 1065 1418 δάι-
1076 1368 1161 1419 Vis
1173 1367 1333 1430 Staio]
1349 1368 1509 1419 Quasi
1527 1368 1604 1417 di-

542 1452 647 1505 cat‚
665 1445 854 1510 quaeris
870 1445 957 1494 cui
976 1443 1241 1493 homiuum
1261 1443 1443 1494 Jovem
1460 1450 1604 1493 ante-

535 1523 836 1585 ’ponendum
856 1521 1146 1571 censeam?
1187 1533 1392 1583 possem
1421 1518 1602 1569 dicere

536 1597 760 1658 nullum3
784 1596 874 1647 sed
894 1596 1010 1646 dico
1028 1595 1163 1661 quod
1182 1609 1370 1659 negare
1386 1609 1490 1644 non
1513 1609 1603 1658 po-

532 1674 831 1736 tes,Jovem
845 1674 989 1724 Staio
1012 1673 1193 1723 saltem
1217 1681 1483 1738 praestare.
1507 1675 1602 1725 Ca·

536 1750 665 1799 mh.
693 1750 816 1800 Fuit
830 1755 1002 1801 autem
1018 1751 1100 1800 hic
1120 1750 1287 1800 Staius
1296 1749 1480 1799 Albius
1493 1750 1603 1815 Op·

535 1825 790 1888 pianicus,
823 1827 913 1891 qui
946 1826 1211 1877 veneficiis
1249 1825 1599 1890 Oppianicum

534 1900 750 1953 fratrem
788 1910 844 1953 et
889 1919 1100 1954 uxorem
1144 1903 1433 1953 Cluentium
1486 1904 1598 1967 ejus

534 1979 817 2041 gravidam,
840 1980 1288 2044 appropinquante
1313 1986 1596 2042 partu-sus·

533 2056 670 2106 tulit.
704 2057 899 2105 Contra
918 2071 1069 2120 quem
1090 2057 1199 2107 Cic.
1219 2070 1310 2119 pro
1333 2057 1592 2107 Cluentio.

530 2131 1068 2195 Min.—Amciticee]
1092 2134 1222 2182 Hoec
1241 2132 1313 2182 ita
1327 2148 1426 2182 nno
1446 2133 1594 2197 spiri-

528 2212 589 2256 tu
611 2208 979 2271 continuanda,
1010 2208 1213 2258 sublata
1235 2209 1594 2273 interrogatio·

526 2280 606 2331 nis
623 2289 895 2348 nota,quae
913 2284 1065 2347 vulgo
1084 2284 1294 2347 ponitur
1312 2290 1429 2347 post
1441 2285 1590 2334 hera.

525 2356 754 2420 Scilicet,
777 2358 963 2424 inquit,
987 2359 1241 2410 dubitare
1279 2362 1464 2425 aliquis
1504 2377 1593 2426 po·

528 2439 654 2498 test,
673 2434 894 2498 hoc'est,
933 2436 1136 2487 omniuo
1175 2426 1416 2488 dubitare
1432 2450 1592 2489 vnemo

528 2518 723 2576 potest,
746 2513 869 2577 quin
893 2514 1072 2563 melior
1096 2514 1163 2563 sit
1184 2512 1386 2564 futurus
1401 2515 1589 2579 Judex,

526 2601 678 2653 qnam
718 2589 910 2638 Staius.
946 2589 1205 2639 Camubon.
1275 2590 1337 2639 Ei
1370 2591 1507 2654 apud
1532 2605 1589 2640 se

525 2662 851 2726 deliberanti,
863 2665 1049 2730 ecquid
1066 2665 1253 2716 Jovem
1271 2667 1430 2718 etiam
1443 2668 1589 2717 Staio

523 2739 685 2789 vellet
724 2754 1045 2804 praeponere,
1083 2739 1148 2788 ob
1196 2740 1249 2788 id
1288 2740 1587 2804 indignatur

523 2813 709 2864 Poeta.
776 2815 935 2867 Quasi
958 2815 1129 2864 dicat:
1165 2813 1248 2864 An
1268 2815 1472 2866 dubitas
1496 2819 1585 2867 ad-

523 2887 643 2951 huc,
666 2890 777 2954 quis
816 2891 951 2938 inter
988 2890 1172 2941 Jovem
1197 2899 1253 2940 et
1272 2891 1471 2940 Staium
1497 2907 1584 2956 po·

523 2964 700 3014 tiorset
711 2965 900 3030 justior
930 2966 1097 3030 judex
1121 2966 1207 3028 sit,
1228 2971 1281 3016 et
1305 2969 1478 3030 pueris
1501 2983 1583 3018 or-

521 3039 618 3103 bis,
638 3042 720 3090 vel
744 3043 954 3106 pupillis
975 3043 1165 3106 aptior,
1184 3044 1269 3092 vel
1306 3045 1480 3095 utilior
1503 3052 1582 3095 tu-

520 3122 604 3166 tor
625 3116 830 3167 futurus
854 3120 953 3169 sit?
985 3119 1159 3170 Latin.

581 3197 647 3242 20
683 3194 949 3258 Quinam]
983 3194 1068 3244 Ad
1102 3196 1299 3246 scelera
1334 3196 1465 3246 Staii
1498 3211 1580 3247 re-

513 3268 687 3332 spicit.
770 3271 933 3320 Quasi
978 3271 1142 3321 dicat:
1202 3272 1297 3321 Cui
1344 3271 1576 3333 dubium,

514 3346 636 3410 quin
661 3347 834 3396 Staius
857 3347 1080 3395 omnium
1106 3348 1347 3411 judicum
1364 3354 1420 3397 et
1442 3355 1576 3398 tuto-

514 3434 628 3471 rum
666 3422 735 3473 sit
770 3422 1168 3486 perditissimus,
1197 3422 1411 3485 Jupiter
1450 3438 1575 3473 vero

512 3497 739 3561 optimus
785 3513 847 3548 ac
892 3500 1140 3549 immenso
1185 3501 1457 3549 intervallo
1489 3501 1574 3552 hic

507 3572 585 3622 illi
610 3571 999 3637 praefcrendus?
1034 3575 1185 3624 Idem.

566 3652 636 3697 81
672 3649 783 3697 Hoc
796 3649 1088 3713 igitar-,qod
1123 3650 1176 3699 si
1197 3664 1321 3714 ergo
1344 3650 1432 3700 illa
1453 3658 1576 3701 vota

508 3721 663 3771 etiam
686 3724 952 3773 sceleratis
961 3725 1180 3788 ingrata
1203 3734 1452 3789 sunt,quo
1468 3742 1574 3775 ma-

509 3796 588 3859 gis
609 3797 1103 3863 Jovie—lmpeuere]
1154 3801 1433 3865 Inducere,
1459 3816 1575 3865 per·

508 3872 746 3934 suadere,
767 3876 847 3923 vel
873 3891 1075 3938 urgere.
1143 3877 1293 3927 Idem.

570 3953 636 3998 22
672 3950 791 4012 Dic,
811 3951 915 4013 ζα]
966 3953 1028 4001 Id
1053 3962 1151 4014 est,
1173 3953 1289 4016 Age
1328 3955 1434 4018 illa,
1455 3970 1570 4019 quae

505 4024 628 4079 ,ῖονὶ
668 4025 804 4074 inter
841 4028 1153 4090 precandum
1188 4029 1337 4090 dicis,
1362 4032 1445 4080 dic
1484 4033 1574 4080 ilia

506 4109 563 4152 et
585 4102 852 4152 committe
886 4104 1095 4153 auribus
1118 4106 1266 4166 Staii,
1290 4108 1369 4154 vel
1396 4115 1519 4169 pete
1540 4122 1570 4157 a

494 4177 855 4242 Enim—Pro,
890 4178 995 4243 ζα]
1045 4180 1108 4228 Id
1133 4189 1235 4242 est,
1263 4182 1437 4231 Staius
1461 4185 1570 4248 ple-

503 4266 601 4304 ms
624 4253 749 4319 ire,
782 4251 972 4306 furoris
994 4261 1050 4304 et
1073 4255 1457 4324 indignationis,
1494 4258 1573 4308 in-

1253 389 1469 438 NOTAE
1520 387 1924 438 vAmoRUM
1972 387 2053 437 ΙΝ

1691 531 1938 580 ‘clamabit
1990 530 2195 582 Jovem.
2262 530 2426 583 Quasi
2482 527 2660 580 dicat:
2719 529 2777 581 Ο

1690 607 1922 693 Jupiter!
1959 606 2105 655 audis
2133 607 2324 657 lnaecet
2349 621 2451 657 nou
2486 605 2780 657 fulminas?

1689 681 2064 822 Lngndapiter,
2095 760 2204 824 esa]
2235 738 2326 807 Vis
2361 758 2448 809 hic
2481 759 2768 824 imparium

1688 833 1939 896 majorum
1978 835 2126 882 latet.
2211 834 2349 897 Ergo
2384 835 2562 883 multo
2599 836 2770 900 magis

1687 909 1834 957 Dens
1869 909 1979 971 ipse
2013 909 2336 970 inclamabit,
2373 910 2453 959 ira
2494 918 2554 960 et
2591 909 2766 974 iudig-

1683 986 1896 1035 natione
1917 992 2103 1036 motus.
2137 984 2246 1034 Alii
2266 999 2362 1049 pro
2379 988 2530 1049 agad
2553 987 2760 1049 legunt.

1684 1060 2127 1203 bugu-Imm,
2159 1137 2266 1202 ξφ]
2316 1138 2628 1202 Respondet
2668 1140 2761 1189 ob·

1672 1211 1892 1274 jectioni
1917 1213 2112 1277 tacita,
2133 1214 2285 1265 Quod
2296 1216 2474 1264 Deum
2489 1228 2595 1264 non
2615 1230 2760 1266 com·

1682 1295 1908 1338 moveat.
1964 1289 2101 1339 Nam
2122 1290 2165 1338 si
2186 1298 2604 1341 commoveretur
2623 1294 2761 1357 eius-

1683 1364 1822 1413 modi
1861 1365 2015 1428 votis,
2061 1363 2276 1414 fulmine
2308 1366 2487 1416 statim
2520 1368 2756 1432 aliquem

1681 1446 1997 1504 percuteret.
2033 1442 2211 1490 Valer.
2274 1441 2292 1469 ‘
2322 1442 2496 1492 Lento
2536 1443 2753 1508 quidem

1682 1517 1862 1579 gradu,
1882 1516 1948 1566 ad
1974 1517 2257 1567 vindictam
2289 1517 2466 1567 divina
2505 1521 2750 1582 procedit

1677 1592 1770 1655 ira,
1792 1593 1881 1642 sed
1904 1593 2205 1643 tarditatem
2228 1594 2470 1657 supplicii
2488 1597 2752 1659 gravitate

1677 1672 2014 1735 compensat?
2063 1672 2239 1723 Labin.
2307 1674 2377 1722 Et
2413 1673 2469 1722 hi
2506 1673 2612 1724 duo
2635 1690 2751 1725 ver·

1676 1761 1761 1795 sus
1804 1747 1914 1797 sine
1955 1747 2364 1812 interrogatione
2398 1749 2583 1799 melius
2621 1752 2751 1801 scri·

1677 1822 1899 1873 buntur:
1948 1830 2021 1873 ut
2056 1824 2462 1887 pronuntientur
2494 1839 2527 1874 a
2559 1825 2747 1877 Persio

1675 1897 1851 1963 ἂτλῦι,
1870 1907 2114 1950 narrante
2132 1901 2264 1949 hanc
2283 1901 2424 1965 vulgi
2446 1901 2748 1953 stultitiam.

1675 1976 2134 2040 emichone-nex]
2184 1977 2398 2042 Species
2453 1976 2746 2029 durissime

1671 2067 1909 2118 quercus,
1943 2056 2050 2104 alta
2084 2060 2141 2103 et
2163 2052 2407 2117 grandin
2457 2052 2526 2103 ob
2564 2054 2621 2104 id
2645 2053 2745 2105 ful-

1669 2129 1852 2179 minari
1874 2130 1997 2179 talia
2019 2129 2204 2179 solent.
2270 2127 2445 2178 laabin.

1733 2212 1795 2257 25
1833 2206 2083 2270 διφῶσα,
2101 2206 2207 2270 ξω]
2233 2206 2461 2270 sulphur
2478 2207 2616 2257 enim
2650 2208 2745 2258 ad-

1658 2285 1899 2347 junctum
1923 2282 2174 2347 fulminis,
2199 2283 2414 2348 sulphur
2434 2284 2741 2336 redolentis.

1666 2361 1794 2409 Tum
1806 2359 1996 2420 fulmen
2029 2360 2203 2422 iguem
2231 2373 2434 2410 sacrum
2455 2360 2739 2412 vocabant.

1670 2436 1819 2487 Idem.

1717 2518 1796 2563 -26
1827 2514 1908 2564 Aa
1944 2514 2074 2578 quia,
2112 2513 2221 2577 θα]
2269 2513 2334 2564 In
2375 2529 2470 2563 usu
2512 2513 2637 2579 fuit,
2675 2523 2736 2566 ut

1667 2604 1902 2654 augures,
1946 2591 2028 2640 vel
2084 2591 2349 2654 aruspices
2402 2591 2617 2641 adducti
2667 2592 2734 2642 de

1665 2667 1894 2724 Etruria,
1934 2668 2091 2717 certis
2142 2667 2463 2730 temporibus
2514 2666 2734 2718 fulmina

1663 2743 2026 2808 transfigurata
2058 2745 2109 2793 in
2132 2745 2333 2808 lapides
2369 2743 2509 2794 infra
2538 2750 2730 2795 terram

1662 2821 2063 2882 absconderent,
2083 2821 2167 2884 cuj
2177 2836 2234 2870 us
2258 2821 2628 2884 impetratione
2655 2822 2729 2871 rei

1659 2911 1780 2946 oves
1834 2897 2250 2947 immolabantur.
2327 2896 2429 2945 Vct.
2468 2895 2732 2945 Sca—A·

1657 2974 1786 3037 qaia,
1819 2973 1927 3036 ξι]
1995 2973 2078 3021 Ad
2124 2973 2404 3022 secundam
2463 2973 2731 3036 prolepsin

1658 3049 1955 3111 respondet.
2061 3049 2310 3100 Quamvis
2359 3062 2463 3098 non
2512 3047 2729 3098 frumine

1657 3138 1932 3187 percussus
1971 3126 2020 3172 in
2058 3125 2175 3173 luco
2203 3124 2403 3188 jaceas,
2437 3131 2616 3173 tamen
2635 3124 2728 3174 Jo-

1657 3214 1769 3249 vem
1790 3214 1891 3249 non
1915 3200 2074 3249 debes
2098 3199 2591 3263 tradem—Febris]
2627 3202 2732 3250 Ex·

1657 3277 1722 3325 tis
1758 3285 1813 3326 et
1846 3277 2100 3326 intestinis
2127 3277 2314 3339 ovium,
2341 3276 2530 3341 quibus
2552 3278 2729 3340 expia·

1655 3352 2011 3414 rim—Ovium]
2048 3352 2185 3404 Quia
2219 3352 2296 3400 bia
2336 3353 2630 3403 mitioribus
2653 3355 2725 3403 ci·

1654 3427 1757 3475 tius
1780 3428 2037 3491 putabant
2060 3428 2184 3477 iram
2223 3428 2451 3477 Deorum
2473 3428 2724 3492 mitigari.

1651 3502 2101 3564 laabim—fibris,
2155 3504 2260 3566 δῖα]
2314 3503 2403 3553 Ἓν
2455 3505 2530 3553 διὰ
2579 3507 2722 3555 δυοῖν.

1653 3579 1838 3641 Neque
1886 3579 2022 3628 enim
2079 3580 2182 3628 duo
2227 3587 2347 3630 sunt
2400 3582 2722 3632 consultores

1651 3654 1896 3717 Ergenna
1924 3664 1979 3704 et
2015 3654 2159 3703 fibroe
2196 3656 2385 3717 ovium,
2408 3656 2500 3706 sed
2524 3659 2726 3706 consui·

1650 3728 1719 3776 tis
1773 3737 2111 3779 mactatarum
2167 3732 2340 3780 ovium
2385 3731 2552 3794 fibris,
2598 3734 2720 3797 quid

1650 3817 1779 3867 opus
1814 3806 1882 3854 sit
1923 3806 2077 3855 docet
2110 3808 2375 3869 Ergenna.
2446 3809 2720 3858 cml».—

1651 3877 1988 3944 Ergennuque]
2045 3884 2312 3945 Engennas
2356 3886 2494 3934 enim
2532 3901 2720 3936 nomen

1647 3958 1912 4020 proprium
1935 3959 2232 4007 Sacerdotis
2253 3957 2508 4019 fulgurum
2543 3961 2720 4011 condi-

1648 4033 1795 4094 toris,
1838 4032 2108 4096 Aruspicis
2155 4035 2720 4104 Hetrusci.-anente]

1645 4109 1908 4173 Tanquam
1950 4110 2037 4158 ille
2081 4111 2314 4173 juberet,
2359 4114 2527 4161 locum
2571 4113 2720 4163 illum

1645 4198 1746 4232 non
1792 4186 2114 4248 tangendum
2152 4200 2283 4235 esse.
2367 4186 2541 4238 Min.

1689 4263 1762 4309 ’27
1800 4260 2052 4328 Bidental]
2075 4263 2245 4313 Iocus
2268 4276 2419 4314 sacro
2434 4278 2719 4329 percussus
