3050 4913
1184 355 1464 409 sA'rntA
1510 356 1580 407 V.

2349 334 2485 402 113

268 511 424 579 Nec
453 512 723 596 stloppo
751 507 1039 578 tumidas
1067 505 1355 572 intendis
1378 522 1679 589 rumpere
1702 493 1983 568 buccas.

266 614 506 680 Verba
534 621 708 697 togae
737 612 1058 696 sequeriS‚
1081 609 1395 694 junctura
1421 606 1703 671 callidus
1733 605 1896 682 acri,
1927 628 1956 647 ’-

271 714 408 780 Ore
438 714 932 802 teresmodicO,
964 712 1291 795 pallentes
1317 709 1545 773 radere
1570 726 1790 771 mores

2396 704 2485 772 15

274 817 559 894 Doctus,
589 822 657 881 et
682 817 961 898 ingenuo
990 814 1263 897 culpam
1291 809 1572 893 defigere
1608 809 1793 874 ludo.

269 1016 456 1066 mor-is
464 1015 698 1078 frangere
718 1018 867 1064 mulas
885 1015 1079 1079 inflatas
1095 1013 1281 1076 ingenti
1298 1026 1426 1061 sono.
1491 1009 1702 1060 Set-turis
1718 1022 1850 1059 voces
1866 1008 2017 1085 pacis,
2032 1008 2350 1073 peribulos-ei
2364 1024 2488 1060 m-

268 1081 522 1146 posilione,
536 1080 717 1145 politus
735 1081 857 1145 stylo
878 1081 1102 1144 modesto,
1118 1080 1261 1128 solen
1277 1076 1599 1142 perstringere
1620 1075 1741 1124 meio
1757 1074 1958 1140 pauida,
1978 1079 2027 1124 et
2047 1090 2223 1125 noxam
2241 1074 2507 1156 eododem,

1200 1219 1562 1241 ΝΜΜΟΝΟ

279 1328 341 1374 13
372 1327 557 1388 seloppo
576 1325 830 1388 scriptum
852 1324 1159 1387 invenimus,
1199 1339 1300 1375 nou
1318 1327 1522 1389 seloppo,
1552 1323 1605 1372 in
1627 1323 1863 1373 omnibus
1905 1322 2130 1387 antiquis
2162 1325 2489 1387 membranis,

274 1404 380 1440 nou
420 1391 586 1439 solum
628 1390 811 1452 Persii,
854 1405 1028 1439 verum
1068 1390 1224 1439 etiam
1250 1390 1521 1439 Prisciani.
1559 1388 1949 1438 Caecubum—16
1990 1389 2089 1437 Ore
2121 1389 2239 1438 teris
2278 1389 2383 1440 Ms.
2420 1392 2487 1441 R.

277 1453 385 1503 Alii
410 1454 525 1503 libri
548 1455 700 1518 vulgo
725 1454 888 1504 edunt
921 1456 1072 1519 teris.-
1108 1454 1243 1519 quod
1284 1455 1327 1504 si
1364 1455 1448 1503 cui
1485 1454 1710 1519 placeat,
1744 1452 2089 1516 repetendum
2119 1455 2224 1502 erit
2255 1461 2311 1504 et
2334 1469 2488 1505 versu

275 1519 616 1584 praecedenti,
646 1519 790 1569 verba
819 1522 942 1582 togoe
956 1535 976 1577 ,-
1019 1518 1122 1570 erit
1158 1526 1328 1568 autem
1370 1534 1452 1568 ore
1491 1523 1643 1568 terere
1680 1516 1821 1566 cerba
1858 1516 1995 1567 idem
2028 1531 2090 1567 ac
2130 1519 2292 1583 loqui,
2325 1519 2488 1571 verba

1309 1658 1522 1709 nom:
1551 1638 1554 1641 ’

348 1768 411 1815 13
448 1765 550 1814 Nec
569 1766 752 1829 seloppo
773 1765 983 1814 tumidas
1001 1764 1206 1814 intendis
1219 1780 1347 1814 rum·

271 1857 389 1908 pere
425 1841 616 1905 ὁιιεοω]
687 1839 921 1891 Adverte
963 1842 1345 1906 gradationem:

280 1931 379 1967 nec
401 1917 595 1979 stylum
615 1915 761 1965 inflas
780 1916 845 1966 ad
869 1916 1032 1966 instar
1051 1914 1218 1977 follis3
1254 1930 1349 1965 nec

280 1992 551 2042 meditaris
586 1998 644 2041 et
666 1998 837 2042 tecum
871 1993 1039 2056 agitas
1060 1989 1277 2041 coufusa
1296 1997 1352 2040 et

278 2068 555 2133 impedita,
569 2062 710 2119 more
727 2068 973 2129 cornicis;
1008 2083 1107 2118 nec
1127 2068 1350 2132 denique

282 2160 375 2195 ore
429 2145 665 2210 turgenti
717 2146 1038 2210 pronuntias,
1091 2151 1150 2194 ut
1204 2145 1353 2210 quasi

288 2223 554 2288 stloppum
579 2222 737 2273 edere
758 2222 1002 2272 videaris.
1067 2222 1152 2273 Sic
1174 2221 1354 2271 laudat

288 2299 553 2350 Cornutus
582 2299 756 2348 Persii
790 2300 1155 2362 elocutionem,
1180 2300 1353 2348 inven-

285 2375 499 2441 tionem,
522 2376 1007 2440 pronuntiationem.

311 2450 325 2468 '
352 2451 577 2518 seloppo]
641 2453 759 2503 Vox
797 2451 920 2503 ficta
958 2450 1025 2502 ad
1064 2451 1355 2517 exprimen-

286 2529 412 2580 dum
437 2545 615 2580 sonum
639 2545 704 2580 ex
726 2529 915 2582 inflatis
938 2531 1060 2580 aere
1084 2531 1279 2593 buccis,
1300 2536 1357 2579 et

286 2607 341 2656 vi
377 2607 599 2672 quadam
639 2611 730 2656 aut
770 2605 881 2656 ictu
923 2607 1063 2657 elisis
1113 2614 1170 2656 et
1224 2621 1359 2657 com·

288 2683 481 2748 pressis
507 2682 720 2732 editum.
786 2682 892 2733 Hic
917 2682 1126 2746 egregie
1150 2681 1361 2732 adhibe·

292 2767 379 2810 tur
397 2759 465 2809 ad
484 2757 868 2823 significandam
892 2759 1364 2823 pronuntiationem

291 2836 545 2886 tumidam
564 2843 619 2886 et
636 2835 952 2887 affectatam.
1006 2836 1158 2900 Legit
1173 2837 1362 2885 Cassu-

288 2915 457 2966 bonus
479 2916 680 2979 stloppo,
702 2930 801 2964 uon
828 2914 1029 2978 seloppo,
1060 2927 1125 2962 ex
1150 2912 1365 2975 antiquo

291 2991 512 3052 Codice,
535 2998 589 3041 et
618 2990 761 3040 favet
781 2990 1097 3052 Priscianus,
1119 2990 1156 3037 l.
1179 3002 1219 3037 ι.
1245 3002 1292 3036 c.
1316 2992 1364 3038 4.

359 3073 425 3119 1⁴
468 3067 621 3118 Verba
642 3072 768 3130 togoe
787 3065 1018 3130 sequeris]
1086 3065 1206 3114 Non
1230 3063 1366 3112 bella

290 3145 527 3196 carmine
549 3143 814 3207 describis,
832 3143 923 3192 sed
944 3157 1059 3207 quae
1084 3140 1225 3205 pacis
1239 3146 1365 3189 tem-

294 3237 427 3286 pore
464 3222 519 3272 in
559 3236 652 3271 usu
692 3227 829 3271 suut.
896 3220 981 3268 Sic
1004 3217 1137 3268 libet
1157 3217 1268 3266 haec
1291 3215 1366 3264 in-

294 3299 557 3364 telligere,
591 3298 757 3361 magis
795 3311 946 3361 quam
985 3294 1049 3343 de
1075 3292 1366 3344 forensibus

297 3381 359 3425 et
379 3373 646 3437 oratoriis,
682 3378 773 3423 aut
794 3372 952 3422 ctiam
974 3370 1039 3419 de
1059 3368 1230 3418 Satira
1250 3383 1366 3433 quae

295 3450 513 3516 propria
534 3452 880 3500 Romanorum
905 3448 990 3511 sit,
1012 3445 1366 3509 interpretari.

324 3523 333 3526 “
367 3525 535 3589 Togae]
588 3526 754 3575 Vetus
797 3524 967 3574 Schol.
998 3523 1083 3571 hic
1107 3522 1182 3570 ita
1206 3521 1368 3585 loqui·

296 3608 417 3654 tur:
476 3603 669 3665 ‘Toga,
709 3616 891 3666 purum
931 3600 1164 3664 pallium,
1202 3599 1370 3647 forma

297 3679 546 3741 rotunda,
582 3676 771 3728 fusiore
804 3685 961 3742 atque
997 3675 1279 3736 inundante
1302 3674 1368 3723 si·

298 3772 405 3807 nu:
442 3756 509 3804 de
533 3756 631 3805 sub
654 3755 837 3804 dextro
861 3753 1091 3815 veniens,
1114 3766 1267 3815 super
1282 3752 1371 3800 hu-

295 3847 498 3884 merum
512 3832 776 3882 sinistrum
793 3831 1002 3894 ponitur
1015 3848 1031 3879 ς
1068 3830 1218 3893 cujus
1231 3829 1369 3878 simi-

296 3908 573 3958 litudinem
613 3907 664 3957 in
700 3907 1036 3971 operimentis
1078 3907 1371 3955 simulacro-

299 4001 438 4048 rum,
473 3985 557 4033 vel
580 3984 900 4049 picturarum
926 3983 1230 4047 aspicimus:
1266 3997 1373 4031 eas·

302 4076 408 4127 que
438 4067 636 4110 statuas
680 4067 882 4124 togatas
907 4074 1168 4109 vocamus.
1236 4059 1377 4121 Toga

303 4138 526 4189 Romani
554 4138 605 4186 in
629 4152 779 4201 pace,
812 4138 863 4185 in
890 4137 1025 4186 bello
1049 4135 1375 4200 paludamen-

304 4214 374 4265 tis
398 4214 699 4265 utebantur.
766 4214 1016 4263 Mensura
1047 4219 1182 4280 togae
1212 4213 1373 4279 justae

435 4294 616 4361 Delph-
632 4299 687 4346 et
717 4294 831 4346 Ver.
848 4295 980 4346 Clas.

1426 1778 1576 1814 seuas
1595 1762 1739 1813 ulnas
1758 1759 2021 1810 habebat!
2092 1759 2223 1823 Toga
2246 1775 2341 1826 per
2363 1769 2493 1815 met-

1427 1841 1685 1904 onymiam
1740 1837 1997 1902 significat
2051 1853 2251 1902 pacem.
2353 1841 2494 1893 Hinc

1428 1918 1557 1967 illud
1602 1916 1789 1967 Tullii:
1848 1917 1863 1945 ‘
1886 1916 2091 1966 Cedant
2135 1930 2275 1966 arma
2316 1918 2491 1982 togoe.’

1430 1996 1572 2060 lutge
1595 1994 1832 2044 Macrob.
1852 1993 2114 2043 Saturnal.
2136 1994 2224 2043 lib.
2243 2008 2282 2047 1.
2304 2009 2420 2061 cap.
2442 2001 2495 2052 6.

1432 2073 1583 2121 Alex.
1597 2071 1665 2120 ab
1687 2071 1841 2120 Alex.
1866 2069 1955 2119 lib.
1978 2084 2031 2121 v.
2054 2084 2170 2134 cap.
2196 2075 2275 2121 18.

1458 2200 1463 2205 ,
1494 2151 1738 2198 sunctum
1757 2148 1953 2197 callidus
1971 2147 2097 2213 acri]
2162 2148 2387 2200 Quidam
2413 2149 2498 2201 hic

1432 2225 1705 2275 Satiricum
1740 2225 1900 2274 salem
1924 2225 2407 2288 comminiscuntur3
2443 2234 2501 2278 at

1434 2303 1618 2361 melius
1640 2301 1728 2350 alii
1745 2301 1926 2350 scitam
1950 2316 2012 2351 ac
2034 2301 2296 2352 robustam
2320 2303 2502 2354 verbo·

1436 2392 1549 2426 rum
1586 2376 2028 2440 compositionem,
2054 2391 2157 2426 non
2181 2380 2384 2435 mollem
2408 2387 2502 2440 aut

1434 2453 1800 2518 rhythmicam,
1833 2453 1997 2518 qualis
2015 2453 2215 2503 Neroni
2235 2452 2500 2508 affectata.

1435 2532 1567 2581 Tull.
1602 2544 1687 2580 m.
1727 2531 1791 2579 de
1826 2530 2070 2592 Oratore,
2102 2533 2118 2560 ‘
2139 2533 2241 2582 Sed
2281 2533 2324 2582 si
2360 2534 2502 2584 habi·

1439 2612 1549 2672 tum
1572 2606 1729 2655 etiam
1753 2606 1995 2655 orationis
2021 2612 2077 2655 et
2107 2607 2252 2670 quasi
2277 2609 2503 2660 colorem

1437 2683 1662 2747 aliquem
1685 2681 1936 2746 requiris;
1970 2688 2051 2731 est
2073 2683 2225 2746 plena
2248 2684 2504 2749 quaedam,

1439 2765 1496 2816 et
1517 2763 1690 2806 tamen
1725 2763 1865 2806 teres
1891 2771 1952 2806 ac
1980 2758 2164 2821 tenuis,
2188 2765 2243 2808 at
2267 2773 2367 2808 non
2389 2759 2502 2812 sino

1441 2834 1613 2884 nervis
1637 2849 1698 2883 ac
1722 2833 1949 2883 viribus-⁹

1511 2917 1572 2960 15
1627 2912 1726 2959 Ore
1767 2915 1893 2960 teres
1931 2910 2134 2975 modico]
2214 2913 2404 2965 Horat.
2450 2915 2506 2966 in

1444 2988 1612 3038 Arte:
1647 2989 1663 3015 ‘
1686 2988 1854 3038 Dedit
1889 3003 1979 3038 ore
2003 2988 2228 3038 rotundo
2262 2991 2413 3050 Musa
2434 2993 2508 3042 lo·

1446 3062 1568 3129 qui!
1603 3063 1707 3112 Alii
1724 3064 1924 3127 legunt,
1937 3063 2075 3126 teris,
2092 3063 2147 3113 id
2167 3071 2267 3127 est,
2287 3067 2509 3131 expolis,

1444 3139 1705 3206 superflua
1726 3156 1950 3205 resecas,
1985 3148 2045 3191 ut
2072 3139 2267 3193 ferrum
2289 3143 2412 3194 lima
2430 3151 2509 3195 te·

1448 3216 1519 3267 rit
1542 3222 1597 3266 et
1618 3216 1848 3281 laevigat.

1512 3295 1758 3343 Pallentes
1789 3296 1956 3344 rodere
1994 3311 2144 3346 mores
2173 3299 2362 3363 doctu]
2427 3300 2514 3350 Tu

1448 3383 1552 3419 non
1574 3370 1727 3420 modo
1751 3377 1915 3433 recte,
1939 3372 2031 3421 sed
2068 3379 2124 3421 et
2157 3382 2305 3423 recta
2326 3374 2513 3425 scribis

1448 3456 1503 3498 et
1546 3448 1697 3497 bona.
1780 3449 2036 3499 Nimirum
2078 3451 2272 3514 placita
2308 3467 2511 3504 morum

1449 3529 1646 3573 tractas
1668 3525 2003 3588 sanctissima,
2026 3533 2081 3574 et
2104 3526 2264 3576 multo
2284 3529 2394 3578 sale
2425 3529 2515 3580 ho·

1448 3601 1643 3650 minum
1668 3601 1795 3652 vitia
1817 3599 2074 3650 defricare
2104 3604 2316 3666 satagis.
2397 3651 2400 3656 ,

1514 3677 1755 3726 Pallentes
1784 3676 1958 3738 mores]
2025 3676 2303 3742 Nunquam
2326 3693 2427 3728 nou
2452 3680 2518 3732 ti-

1450 3760 1597 3802 ment
1635 3752 1721 3816 qui
1757 3752 1856 3801 sibi
1897 3752 2091 3801 conscii
2133 3762 2254 3803 sunt
2296 3756 2516 3821 alicujus

1452 3827 1656 3892 flagitii.
1712 3831 1784 3878 Et
1801 3828 1971 3879 Satira
1995 3844 2109 3893 quoe
2129 3830 2321 3879 nemini
2347 3833 2520 3896 parcit

1452 3905 1707 3969 improbo,
1723 3905 1870 3953 malis
1890 3905 2136 3968 pallorem
2158 3905 2374 3958 inducit.
2410 3909 2520 3961 Ho-

1452 3986 1554 4029 rat.
1578 3981 1747 4044 Epist.
1773 3994 1811 4030 ι.
1837 3985 1884 4029 1.
1920 3983 1937 4009 ‘
1960 3981 2065 4032 Hic
2093 3996 2267 4034 murus
2289 3983 2517 4040 aheneus

1454 4064 1600 4119 esto;
1635 4057 1777 4107 Nihil
1818 4057 2052 4108 conscire
2093 4059 2211 4124 sibi,
2243 4061 2383 4111 nulla
2405 4061 2517 4126 pal·

1453 4133 1651 4184 lescere
1673 4135 1859 4199 culpa.'

1521 4216 1585 4261 16
1619 4211 1833 4275 Ingenuo
1852 4212 2036 4278 alpem
2055 4212 2261 4281 defflere
2278 4212 2411 4276 lado]
2442 4214 2520 4265 Ut

1365 4291 1503 4345 Pers.
2332 4289 2388 4345 Η
