3050 4913
789 415 1145 476 MORIBUS,
1195 415 1287 462 ΕΤ
1332 413 2115 465 sontnnunlzcnmmn.
2496 402 2561 465 .5

348 559 589 636 amico,
633 579 835 642 quam
878 559 1192 651 magistro
1238 577 1398 623 usus
1443 563 1570 624 est.
1661 556 1936 623 Amicos
1982 560 2213 625 babuit
2255 580 2298 624 a
2341 561 2559 644 prima

348 660 800 725 adolescentia
869 660 1164 724 Caesium
1224 661 1599 736 Bassum,¹0
1656 667 1725 724 et
1799 658 2129 727 Annaeum
2191 661 2552 740 Lucanum,

347 783 542 846 quem
572 784 690 846 per
735 762 1103 826 Cornutum
1149 767 1570 843 cognoverat,
1609 761 1870 844 poetaS,
1916 782 2195 846 quorum
2241 763 2352 826 ille
2396 762 2553 846 lyri-

346 883 525 939 cum,
552 864 670 928 hic·
691 866 953 946 epicum
988 862 1272 946 poeseos
1299 881 1505 944 genus
1545 870 1812 926 secutus
1846 870 1973 928 est.
2065 864 2225 928 Erat
2256 863 2551 942 Persius,

347 972 420 1029 ut
466 967 759 1030 auctoris
808 966 953 1049 ejus
998 967 1153 1029 vitae
1201 965 1422 1029 verbis
1467 971 1641 1042 utar,
1691 969 1711 999 ‘
1742 985 1993 1030 morum
2043 956 2554 1044 lenissimorum,

348 1069 686 1150 virginalis
716 1069 849 1132 sere
877 1066 1320 1144 verecundiae,
1350 1069 1581 1132 formae
1612 1068 1930 1150 pulchrae,
1961 1087 2370 1152 summaeque
2414 1069 2555 1152 pie-

347 1169 502 1233 tatis
533 1170 602 1232 in
632 1176 925 1246 matrem,
957 1185 1272 1245 sororem,
1303 1173 1369 1232 et
1397 1167 1710 1231 amitam!
1778 1166 2276 1240 Accuratiorem
2300 1176 2551 1235 naturae

343 1270 490 1352 ejus
538 1277 738 1355 atque
786 1271 1030 1335 indolis
1081 1272 1433 1353 imaginem
1474 1271 1544 1333 in
1591 1271 1882 1353 scriptis,
1927 1290 2080 1353 quae
2120 1271 2406 1354 reliquit,
2433 1291 2553 1335 ex·

343 1392 646 1454 pressam
701 1374 1028 1451 videmuS,
1077 1372 1507 1437 viridissimis
1560 1373 1755 1455 quasi
1816 1373 2145 1436 coloribus
2199 1372 2551 1456 depictam,

345 1475 538 1558 cujus
563 1476 1044 1558 pulchritudine
1083 1476 1350 1538 accensi
1381 1475 1490 1539 vel
1525 1475 1715 1538 inviti
1745 1476 2036 1556 cogimur
2076 1475 2144 1538 in
2180 1473 2435 1556 judicio
2467 1474 2550 1539 de

344 1577 569 1639 satiris
614 1579 757 1662 ejus
792 1575 1061 1641 ferendo
1103 1575 1172 1638 id
1222 1577 1447 1657 potius
1486 1579 1810 1659 spectare,
1855 1574 2033 1657 quod
2072 1577 2390 1658 perticere
2425 1596 2548 1660 po·

342 1677 606 1755 inisset,
654 1681 712 1743 si
752 1681 859 1744 vel
903 1677 1186 1761 oequiori
1225 1676 1442 1758 Musis
1474 1683 1771 1760 tempore
1811 1677 2113 1753 vixisset,
2149 1678 2258 1741 vel
2293 1680 2550 1760 longior

342 1784 513 1842 aetas
542 1781 605 1842 ei
644 1782 1119 1864 suppetivisset
1149 1778 1233 1840 ad
1272 1797 1353 1841 ea
1394 1778 1725 1860 polienda,
1762 1798 1910 1861 quoe
1953 1779 2119 1843 satis
2153 1779 2423 1863 pulchre
2450 1782 2545 1843 in-

339 1879 715 1962 choaverat,
746 1900 945 1965 quam
978 1879 1312 1964 juveniles
1351 1879 1503 1943 illos
1546 1885 1822 1943 conatus
1863 1880 1949 1944 ad
1988 1900 2251 1944 severas
2281 1882 2548 1947 critices

338 1981 605 2063 regulas
633 1984 921 2065 exigere.
1011 1982 1137 2045 Est
1179 2000 1336 2045 sane
1376 1980 1553 2064 quod
1595 1981 1920 2059 miremur,
1964 1988 2217 2049 tantam
2262 1982 2547 2064 gravita-

337 2086 471 2146 tem
499 2089 566 2147 et
593 2085 1034 2150 constantiam
1084 2084 1151 2146 in
1182 2084 1424 2167 juvene
1463 2085 1829 2165 proesertim
1859 2084 2190 2168 locuplete
2217 2084 2445 2163 fuisse,
2474 2093 2548 2150 ut

334 2204 565 2248 omnes
594 2185 996 2269 voluptates,
1027 2185 1296 2268 quibuS,
1328 2204 1416 2248 ex
1455 2175 1637 2249 illius
1682 2188 1898 2251 aetatis
1926 2188 2258 2271 opinione,
2290 2188 2396 2252 vel
2425 2189 2543 2251 ho-

333 2292 519 2350 neste
553 2286 682 2350 frui
727 2289 1072 2369 potuisset,
1104 2285 1451 2369 respuerit,
1482 2290 1739 2350 tantum
1784 2288 2037 2351 virtutis
2079 2293 2145 2351 et
2180 2288 2544 2352 honestatis

333 2386 659 2467 ardorem,
690 2408 820 2472 quo
841 2377 993 2451 euri}
1024 2388 1262 2471 quavis
1290 2377 1538 2469 pagina
1559 2386 1902 2469 abreptum
1930 2387 2257 2466 videmuS,
2289 2394 2539 2454 tantam

334 2494 754 2557 severitatem
784 2494 850 2556 in
876 2494 1050 2557 omni
1088 2491 1364 2555 mollitie
1407 2491 1792 2574 castiganda
1820 2494 2240 2576 moribusque
2265 2493 2541 2558 effoemi·

330 2595 513 2658 natis
544 2596 779 2659 acerbe
810 2595 1135 2671 notandiS,
1164 2600 1239 2659 ut
1277 2594 1625 2658 barbatum
1669 2594 1953 2676 aliquem
1989 2615 2075 2659 ex
2115 2595 2354 2677 priscis
2397 2593 2539 2658 Ro·

331 2697 548 2759 manis
576 2697 913 2760 existimes
943 2697 1189 2761 audire.
1280 2692 1485 2772 Quod
1516 2699 1734 2759 autem
1767 2696 2052 2759 maxime
2079 2714 2200 2759 nos
2221 2693 2284 2758 ei
2316 2694 2537 2767 conci-7

331 2795 477 2873 liat,
507 2805 609 2862 est
645 2799 906 2881 pietatis
933 2817 1191 2877 sensus,
1232 2816 1427 2880 quem
1467 2816 1624 2880 erga
1658 2795 2019 2861 Cornutum
2058 2802 2536 2880 praeceptorem

330 2898 650 2977 declarat,
683 2907 818 2965 tam
848 2901 1164 2966 candidus
1191 2906 1260 2965 et
1284 2900 1659 2976 vehemenS‚
1696 2904 1770 2963 ut
1814 2899 2093 2981 quisque
2128 2898 2535 2962 animadver-

328 3006 464 3078 tat,·
495 3003 563 3065 in
602 3002 698 3065 rei
738 3002 1186 3085 magnitudine
1231 3001 1449 3070 verbis
1493 3000 1911 3084 assequenda
1945 3019 2098 3063 eum
2137 3004 2533 3083 magnopere

325 3101 732 3182 elaborasse,
761 3123 887 3168 nec
915 3110 1135 3167 tamen
1167 3103 1299 3167 sibi
1332 3104 1499 3167 satis
1533 3102 1798 3166 secisse.
1891 3101 2155 3179 Quibus
2181 3102 2531 3166 virtutibus

323 3204 687 3268 instructus
741 3205 1162 3289 dignissimus
1211 3224 1373 3269 sane
1426 3203 1553 3269 fuit
1598 3204 1893 3269 amicitia
1940 3209 2006 3268 et
2064 3202 2533 3268 consuetudine

325 3303 504 3368 Paeti
553 3305 943 3386 Thraseae,¹¹
990 3307 1229 3372 summi
1281 3312 1350 3372 et
1399 3306 1757 3372 clarissimi
1801 3306 1955 3385 viri,
2002 3324 2287 3388 quocum
2335 3306 2530 3368 ctiam

1314 3546 1527 3598 NOTAE

383 3700 446 3745 lo
480 3697 567 3747 De
584 3698 682 3747 hoc
702 3696 832 3748 vide
844 3713 957 3763 quae
981 3705 1159 3751 notata
1179 3705 1298 3750 sunt
1320 3700 1386 3750 ad
1467 3706 1624 3764 atque
1645 3698 1724 3748 vir
1742 3697 1966 3761 antiquae
1985 3697 2134 3759 plana
2155 3694 2364 3744 virtutis
2380 3703 2431 3744 et
2453 3696 2526 3744 in·

315 3774 426 3823 Sat.
451 3787 529 3823 vt.
1468 3782 1552 3824 ter
1574 3780 1654 3823 tot
1683 3772 2060 3836 abjectissimos
2096 3770 2320 3820 Neronis
2350 3770 2526 3820 adula-

385 3854 442 3899 11
479 3850 728 3898 straneas
746 3850 925 3899 Partus
944 3851 1251 3900 Patavinns.
1284 3852 1385 3899 Ta·
1466 3855 1605 3898 tores
1627 3849 1765 3897 solus
1785 3854 1987 3895 erectus
2009 3854 2062 3895 et
2090 3855 2350 3905 constans,
2369 3847 2528 3896 intre·

311 3925 403 3975 cit.
428 3924 568 3974 Anu.
584 3938 698 3974 xvt.
717 3930 799 3974 21.
819 3926 996 3975 Gener
1013 3928 1232 3989 Caecinae
1245 3927 1383 3978 Poeti
1463 3925 1617 3989 pidus
1641 3931 1697 3973 et
1722 3923 1913 3987 gravis,
1945 3931 2167 3985 notaque
2203 3922 2526 3972 humanitate

312 4011 371 4054 et
395 4003 587 4062 Arriae‚
603 4003 867 4067 dequibus
889 4020 936 4053 v.
963 4005 1194 4055 Martini.
1214 4018 1253 4052 1.
1271 4010 1378 4067 14.;
1461 4008 1515 4052 et
1556 4002 1848 4067 clementia.
1915 3999 2052 4049 Plin.
2092 3999 2258 4061 Epist.
2288 4013 2406 4049 vm.
2442 4005 2522 4049 Ἠ.

313 4080 455 4129 Ptin.
491 4079 662 4142 Epist.
697 4093 783 4129 ιιι.
810 4085 919 4130 16.:
974 4081 1075 4130 Dio
1110 4082 1253 4132 cm.
1289 4095 1377 4133 Lx.
1407 4104 1412 4109 ·
1456 4083 1504 4128 ⁸.
1552 4077 1627 4126 *Is
1662 4077 1854 4130 Neroni
1890 4076 2081 4125 invisus
2111 4076 2177 4124 ob
2211 4075 2396 4124 multas
2420 4089 2522 4136 res,

315 4161 396 4206 16.
464 4157 593 4205 Erat
618 4157 824 4206 Stoicus
847 4165 901 4206 et
925 4157 1207 4208 admirator
1224 4158 1378 4208 cato·
1456 4154 1721 4218 principue
1744 4152 1811 4201 ob
1835 4152 2141 4200 sententiam
2176 4150 2243 4199 de
2277 4151 2521 4200 Antistio.

310 4234 393 4284 nis
417 4232 696 4296 Uticensis,
723 4234 868 4300 cujus
900 4235 1057 4284 vitam
1079 4233 1380 4299 scripserat,
1451 4234 1622 4299 Tacit.
1645 4233 1680 4282 1.
1699 4247 1748 4281 c.
1775 4244 1889 4283 xiv.
1912 4234 1993 4285 48.
2043 4231 2240 4281 'ramea
2275 4229 2529 4295 virtutem·-
