3050 4913
527 398 700 471 1204
1201 410 1590 462 88888888
1639 410 2071 459 8818808881

525 568 642 619 1818
673 555 980 636 reperitur.
1039 555 1142 617 Cf.
1171 555 1246 615 ad
1278 554 1532 634 priorem
1563 554 1708 615 edit.
1737 574 1794 614 a.
1831 560 2008 614 1544.

608 657 833 714 Veneta
860 667 1066 712 xxxt.
1107 650 1429 722 Juvenum,
1455 651 1982 719 Veneriis—1549.

605 751 759 811 Tam
787 749 995 829 paucis
1026 749 1216 808 verbis
1244 748 1584 827 designatur
1603 749 1661 806 in
1685 746 1944 807 Henuin.
1975 744 2109 805 lnd.
2131 743 2300 805 editt.
2329 747 2363 806 J
2372 743 2657 805 uvenalis.

1541 850 1716 903 1551.

607 945 638 976 ·
680 948 709 978 ⁴·
752 941 1114 1002 Frobeniana
1139 946 1225 1017 (n.
1258 943 1380 1015 80.)
1430 941 1632 1001 Persii
1662 939 1902 1017 Satyrae
1929 957 2054 998 cum
2086 938 2299 999 Comm.
2331 935 2544 1008 Rodii,
2575 937 2737 998 Bra·-

526 1040 775 1110 tannici,
814 1039 1067 1107 Plautii,
1088 1037 1165 1097 al.
1249 1037 1556 1097 Juvenal&
1582 1054 1710 1096 cum
1738 1054 1937 1096 comm.
1957 1032 2060 1094 Jo.
2092 1034 2449 1095 Britannici
2476 1040 2531 1092 et
2559 1034 2739 1093 scleo-

525 1138 629 1196 ln’is
658 1133 828 1195 Coelin·
857 1133 1111 1215 Secundi
1154 1135 1453 1206 Curionis,
1497 1132 1740 1192 Basileae
1786 1130 1970 1212 apud.
2002 1131 2257 1191 Hieron.
2290 1131 2642 1191 Frobeninm
2668 1136 2736 1189 et

530 1231 729 1293 Nicol.
761 1231 1147 1309 Episcopium
1159 1230 1334 1288 -foh
1370 1237 1546 1289 1551.

611 1327 815 1387 Μ81118
842 1326 991 1387 10818
1012 1327 1137 1386 Sat.
1170 1343 1218 1386 1.
1247 1336 1309 1387 et
1336 1342 1414 1385 11.
1447 1325 1667 1386 collata
1694 1344 1730 1384 8
1758 1324 1997 1386 Beckio.
2082 1322 2220 1384 Vid.
2250 1322 2328 1381 ad
2356 1324 2643 1382 Venetam
2676 1337 2732 1380 1.

527 1433 589 1485 81
610 1424 795 1484 Paris.
832 1430 1009 1484 1528.
1093 1424 1269 1483 Nunc
1297 1423 1549 1500 primum
1595 1421 1757 1481 edita
1800 1431 1938 1482 sunt
1980 1422 2109 1480 baec
2159 1421 2387 1479 scholia
2435 1418 2733 1489 Curionis,

528 1520 818 1598 Theologi
858 1529 1035 1598 atque
1084 1519 1373 1598 Philologi
1416 1519 1556 1579 olim
1604 1518 1915 1588 clarissimi,
1964 1518 2026 1577 in
2070 1536 2212 1595 agro
2254 1517 2640 1576 Taurinorum
2669 1534 2733 1574 8.

534 1623 711 1677 1503.
736 1616 875 1685 8811,
906 1615 1008 1693 qui
1034 1615 1288 1693 primum
1317 1615 1377 1674 in
1407 1615 1594 1684 ltalia,
1626 1624 1686 1672 81
1725 1614 2092 1692 potissimum
2119 1612 2355 1691 quidem
2385 1611 2736 1680 Mediolani,

525 1714 742 1784 Ticini,
788 1713 1062 1783 venetiis,
1121 1711 1396 1772 Ferrariae
1447 1722 1505 1771 et
1564 1712 1805 1781 Luccae,
1872 1711 2086 1770 deinde
2141 1730 2297 1779 vero,
2374 1729 2508 1769 curn
2564 1707 2736 1767 lectis

530 1809 794 1889 zwinglii
824 1808 1180 1885 Lutherique
1206 1809 1433 1886 scriptis
1460 1827 1496 1867 8
1525 1807 1840 1868 Ρο81111818
1874 1807 2222 1868 descivisset
2248 1806 2387 1876 fide,
2419 1802 2734 1882 multisque

528 1917 842 1987 propterea
888 1906 1053 1964 malis
1083 1915 1402 1981 urgeretur,
1450 1904 1506 1963 in
1539 1905 1804 1964 Helvetia
1825 1905 2074 1981 juvenes
2103 1902 2342 1982 publice
2371 1901 2596 1970 docuit,
2627 1900 2736 1959 ubi

533 2003 816 2062 Lausanae
846 2000 1067 2060 Rector
1094 2001 1363 2077 Collegii,
1391 2011 1449 2061 et
1478 2000 1747 2071 Basileia,
1775 2002 1835 2058 in
1866 2019 1986 2079 quo
2007 1999 2225 2078 oppido
2253 2000 2329 2059 ab
2357 2019 2414 2058 8.
2452 2006 2624 2067 1547.
2653 1997 2737 2057 ad

538 2096 715 2167 1569.
746 2096 909 2165 vixit,
942 2097 1193 2174 primum
1227 2096 1512 2176 Magister
1538 2097 1862 2157 liberalium
1891 2097 2124 2168 artium,
2167 2115 2299 2154 mox
2335 2114 2470 2154 vero
2500 2093 2742 2154 Profes-

533 2212 629 2253 sor
654 2193 1006 2269 eloquentiae
1055 2204 1282 2253 creatus
1328 2203 1438 2256 est.
1524 2195 1761 2255 Scholia
1788 2194 1884 2253 1118
1931 2212 2123 2272 pauca
2171 2201 2391 2251 tantum
2435 2201 2495 2251 et
2539 2190 2740 2251 brevia

534 2298 689 2359 sunt,
720 2289 824 2349 sed
848 2290 1061 2368 passim
1097 2289 1253 2348 bona
1279 2300 1341 2350 et
1371 2290 1552 2362 utilia,
1572 2310 1708 2368 quae
1734 2301 1926 2350 tamen
1958 2289 2143 2367 magis
2169 2281 2526 2358 Britannico,
2554 2305 2740 2364 quam

533 2391 727 2463 poetoe
754 2384 1124 2464 profuerunt.
1210 2387 1278 2444 18
1331 2385 1525 2446 fronte
1581 2397 1774 2446 autem
1833 2385 2010 2463 hujus
2038 2385 2182 2445 edit.
2233 2404 2382 2444 novo
2436 2383 2740 2455 dicuntur,

536 2481 810 2559 quoniam
841 2482 954 2541 alia
986 2482 1115 2558 jam
1165 2482 1323 2559 prius
1368 2483 1701 2560 vulgaverat
1746 2482 1946 2553 Curio,
1975 2502 2160 2561 eaque
2210 2481 2562 2551 brevissima,
2595 2500 2739 2558 quae

534 2577 778 2655 margini
807 2578 1129 2638 editionum
1160 2579 1425 2649 Coliuaei,
1457 2580 1715 2659 Gryphii
1744 2579 2111 2657 aliorumque
2140 2577 2380 2656 adjecta
2410 2587 2562 2636 sunt.
2592 2575 2738 2635 Vid.

533 2673 608 2732 ad
632 2673 729 2733 ed.
760 2675 938 2733 Paris.
976 2682 1153 2735 1528.
1240 2677 1393 2743 Quae
1422 2685 1697 2752 praeterea
1745 2687 1879 2733 suut
1912 2676 2219 2745 monenda,
2260 2673 2390 2750 jam
2421 2673 2743 2750 occupavit

535 2769 859 2829 Henninius
889 2769 946 2827 in
991 2768 1166 2829 Praef.
1209 2771 1641 2829 commentariis
1695 2770 2014 2830 Britannici
2062 2770 2325 2848 praefixa‚
2354 2771 2413 2828 in
2461 2789 2578 2849 qua
2605 2769 2741 2831 haec

531 2865 808 2943 leguntur
838 2864 1053 2924 verba:
1100 2873 1117 2899 ‘
1146 2866 1247 2925 Vir
1273 2866 1482 2926 doctus
1508 2868 1727 2927 Coelius
1777 2868 2086 2927 Secundus
2133 2867 2334 2938 Curio,
2364 2887 2500 2927 cnm
2543 2865 2744 2926 crede-

531 2970 643 3031 ret,
666 2961 1058 3023 Britannicum
1090 2981 1208 3020 non
1233 2981 1454 3039 semper
1472 2969 1670 3042 poetoe
1696 2982 1923 3022 sensum
1960 2983 2077 3022 esse
2123 2969 2463 3033 assecutum,
2494 2962 2571 3020 ad
2600 2962 2740 3040 ejus

535 3057 970 3118 Commentaria
1016 3057 1238 3134 adjecit
1290 3058 1549 3130 Scholia,
1598 3079 1772 3140 eaque
1798 3060 1894 3120 edi
1920 3080 1990 3120 ac
2034 3059 2269 3137 publico
2325 3057 2745 3119 communicari

534 3151 724 3211 voluit
754 3159 974 3233 rogatu
1004 3152 1281 3214 Frobem'i
1307 3161 1362 3213 et
1411 3156 1740 3235 Episcopii‚
1768 3158 2267 3235 typographorum
2321 3155 2573 3215 solertim
2601 3156 2742 3233 plu-

532 3247 698 3308 rimae
725 3257 786 3308 et
837 3249 1105 3308 maximae
1157 3250 1531 3320 celebritatis,
1562 3260 1626 3311 ut
1653 3252 1779 3328 ipse
1823 3251 2045 3311 indicat
2082 3252 2139 3310 in
2169 3254 2341 3330 epist.
2372 3251 2628 3310 dedicat.
2656 3250 2741 3310 ad

533 3343 796 3403 nobiliss.
838 3342 1269 3403 adolescentem
1304 3345 1528 3403 Abrah.
1560 3345 1790 3404 Sbaski.
1872 3349 2113 3407 Scholia
2144 3349 2272 3408 baec
2305 3351 2362 3406 in
2395 3349 2581 3407 fronte
2608 3347 2745 3425 ejus

531 3439 667 3499 libri
710 3458 773 3498 se
806 3438 1039 3515 jactant
1069 3458 1233 3512 nova,
1263 3441 1472 3519 quibus
1519 3447 1644 3500 tum
1679 3445 2001 3520 praeterita
2042 3446 2116 3504 ab
2163 3446 2303 3503 aliia
2343 3446 2742 3524 explicantur,
2820 3498 2825 3501 ,

537 3541 661 3595 tum
686 3534 833 3594 male
862 3535 1153 3594 intellecta
1183 3539 1597 3617 corriguntur,
1628 3547 1750 3598 tum
1778 3541 1953 3598 etiam
1985 3540 2216 3610 Groeca,
2244 3541 2453 3620 quibus
2491 3543 2745 3600 Britan-

534 3633 701 3692 nicus
728 3633 789 3691 in
815 3630 1122 3692 Juvenum
1141 3636 1570 3693 commentariis
1596 3655 1736 3694 usus
1764 3644 1868 3706 881,
1899 3637 2365 3716 Latinorumque
2413 3639 2745 3698 Auctoritas

535 3723 669 3797 loci,
697 3746 827 3806 qm
854 3730 1043 3787 omnia
1085 3731 1255 3789 miris
1289 3729 1469 3789 modic
1511 3733 2082 3809 comvplasuerant,
2113 3736 2538 3792 restituuntur.
2623 3734 2749 3793 Ex-

536 3820 673 3880 inde
702 3822 903 3900 liquet,
936 3839 1216 3903 quantum
1267 3828 1377 3886 sibi
1413 3827 1566 3904 juris
1595 3827 1654 3885 in
1681 3828 1866 3888 aliena
1894 3829 2157 3889 tribuerit
2191 3831 2410 3898 Curio;
2455 3841 2743 3908 quantum

534 3936 569 3975 e
598 3919 829 3995 regione
879 3923 993 3997 ipsi
1028 3923 1362 3982 Britannico
1393 3925 1745 4000 praestiterit.
1829 3927 1971 3985 Eam
2022 3926 2293 3985 Frobenii
2339 3926 2648 3985 editionem
2679 3927 2748 3988 iu

534 4013 883 4072 recudendis·
944 4017 1261 4076 Britannici
1313 4018 1784 4089 Commentariis,
1840 4031 1900 4081 et
1947 4022 2219 4081 immixtis
2268 4022 2424 4081 bisce
2466 4023 2746 4084 Curionis

539 4109 814 4179 Scholiis,
839 4127 896 4166 ut
933 4110 1122 4182 video,
1154 4117 1297 4172 κατὰ
1324 4110 1473 4171 πόδα
1502 4126 1740 4174 8888188
1769 4128 1862 4175 est
1903 4118 2184 4179 Claudius
2233 4120 2515 4179 Motellus
2563 4130 2742 4197 typo-

537 4205 798 4286 graphus
827 4205 885 4265 in
913 4204 1059 4265 edit.
1108 4209 1292 4271 Paris.
1328 4207 1502 4272 1602.
1535 4218 1594 4270 4.
1677 4212 1850 4274 Hanc
1878 4224 1937 4275 et
1979 4218 2163 4276 nostri
2213 4214 2569 4296 typographi
2597 4226 2750 4279 sunt
