3050 4913
1179 352 1273 404 m·
1318 353 1761 406 VERBORUM.

365 501 578 549 secutus
600 510 780 546 urnam
804 495 968 560 Hylas
991 496 1028 555 i,
1053 500 1145 546 164

429 565 612 613 Seram
649 578 822 626 poue;
868 562 1055 611 cohibe
1098 576 1313 612 uxorem
1358 563 1428 625 vi,

349 753 356 758 ,
431 695 680 742 Serenum
703 697 954 755 expectet
978 691 1067 753 vii,
1089 695 1185 741 179
1249 705 1429 741 sereno

365 757 461 806 boc
485 758 652 806 diluta
675 763 954 820 tempestas
973 757 1080 814 xiii,
1102 759 1202 805 228

426 823 580 871 Seres
602 822 724 885 quid
747 826 923 883 agant,
944 822 1088 870 novit
1111 823 1181 880 vi,
1199 825 1297 870 403

427 887 693 949 Sergiolus
718 886 993 948 gladiator,
1024 901 1178 949 quem
1214 885 1430 950 Hippia,

364 951 590 999 senatori
609 958 796 1014 nupta,
811 950 1057 1000 comitata
1073 960 1155 1000 est
1172 951 1225 999 in
1239 950 1429 1014 AEgyp·

364 1025 473 1065 tum
500 1016 567 1075 vi,
591 1019 819 1065 82-113

427 1081 661 1143 Sergius,
683 1095 733 1128 v·
759 1079 1019 1142 Sergiolus

425 1145 577 1193 Seria
599 1144 738 1194 iuter
767 1150 822 1193 et
857 1158 1004 1194 curas
1024 1143 1315 1194 habendum
1339 1157 1426 1193 ne·

361 1225 447 1258 mo
471 1209 622 1258 duxit
642 1216 744 1258 cet.
767 1209 843 1270 xi,
865 1213 928 1257 93
1345 1243 1350 1246 -

357 1313 364 1318 .
426 1275 571 1322 Serio
593 1274 833 1338 Titioque
859 1273 1003 1323 bonis
1029 1274 1099 1335 iv,
1124 1278 1188 1323 13

425 1338 643 1401 Seripho
697 1353 856 1401 parva
909 1340 1139 1388 caruisse
1202 1337 1272 1401 vi,
1327 1341 1424 1387 564

363 1401 572 1451 clausus
597 1417 647 1466 x,
671 1406 766 1452 170

427 1468 605 1516 Sermo
626 1476 707 1516 est
727 1467 851 1516 mibi
876 1474 1047 1517 tecum
1074 1467 1182 1527 viii,
1203 1471 1268 1517 39
1322 1467 1422 1516 illis

357 1546 505 1581 rarus
529 1533 585 1595 ii,
610 1536 670 1580 14
737 1531 876 1581 filius
912 1540 994 1581 est
1033 1547 1129 1596 per
1165 1532 1343 1580 urbem
1388 1533 1425 1592 i,

363 1601 452 1645 145
522 1603 756 1661 promtus
790 1604 847 1645 et
882 1596 1017 1646 Isaeo
1042 1597 1323 1647 torrentior
1347 1596 1422 1657 iii,

361 1664 428 1708 73
494 1661 710 1726 pudicus
734 1676 834 1710 non
858 1670 942 1711 est
969 1661 1052 1711 bic
1080 1662 1129 1709 in
1154 1662 1330 1710 vetula
1354 1662 1423 1721 vi,

363 1730 458 1774 193
525 1741 812 1775 sermonem
841 1725 1040 1777 indocti
1065 1725 1239 1775 laudat
1262 1726 1333 1789 iii,
1358 1729 1420 1774 87

358 1804 596 1841 sermone
621 1792 717 1840 boc
739 1798 929 1855 pavent
952 1799 1057 1840 cet.
1087 1792 1157 1851 vi,
1179 1794 1274 1840 189
1341 1804 1421 1839 ro-

359 1863 474 1903 tato
499 1870 708 1904 curvum
734 1864 816 1906 tor
855 1863 974 1904 uest
1006 1856 1331 1919 enthymema
1353 1854 1422 1917 vi,

357 1924 458 1969 449
540 1934 801 1971 sermones
871 1921 888 1970 i
928 1920 994 1971 de
1031 1917 1220 1984 Sejano
1256 1934 1312 1984 x,
1356 1925 1420 1969 88

360 1984 450 2048 qui
476 1984 581 2048 xiv,
605 1989 699 2035 152

424 2050 551 2099 Sero
576 2049 797 2114 poenitet
818 2049 853 2113 i,
873 2053 968 2100 169

423 2114 660 2178 Serpens·
683 2123 933 2179 argentea
988 2113 1099 2163 viss
1134 2122 1217 2164 est
1261 2122 1420 2178 caput

359 2179 580 2228 movisse
604 2181 672 2242 vi,
694 2184 792 2229 538
860 2180 1040 2242 longus
1076 2180 1127 2227 iu
1165 2179 1302 2229 doliu
1329 2180 1419 2228 de-

359 2244 546 2293 ciderit
570 2246 636 2307 vi,
658 2248 757 2293 432
821 2259 926 2293 uon
950 2258 1102 2303 unus,
1124 2257 1218 2292 nec
1243 2244 1418 2293 culeus

361 2323 489 2357 unus
513 2309 691 2359 debuit
715 2311 881 2373 parari
903 2309 1012 2373 ejus
1033 2308 1287 2372 supplicio
1310 2308 1419 2370 viii,

356 2378 453 2422 214
509 2373 855 2438 Hesperidum
879 2382 970 2422 aut
984 2371 1231 2422 Ponticus
1249 2373 1290 2421 si
1313 2389 1419 2421 scr·

360 2445 449 2488 ret
488 2438 696 2489 easdem
731 2437 962 2489 fortunas
1001 2440 1112 2500 xiv,
1150 2441 1244 2487 114
1313 2453 1418 2488 ser-

358 2510 514 2566 pente
555 2505 757 2554 ciconia
797 2504 966 2567 pullos
1002 2503 1168 2553 nutrit
1208 2502 1314 2566 xiv,
1354 2507 1417 2553 74

353 2577 655 2633 serpentum
691 2568 856 2632 major
888 2567 1169 2618 concordia
1199 2583 1285 2629 xv,
1323 2573 1419 2618 159

358 2634 688 2696 serpentibus
713 2643 940 2682 saturam
961 2633 1066 2681 ibin
1101 2639 1257 2696 pavet
1278 2648 1363 2694 xv,
1386 2637 1417 2682 3

358 2713 387 2746 a
422 2699 754 2762 serpentibus
790 2697 948 2747 Afros
991 2704 1129 2747 tutos
1161 2694 1290 2745 facit
1314 2697 1418 2746 tsle

358 2763 573 2827 (oleum)
607 2778 657 2826 v,
691 2767 755 2811 91
820 2762 1104 2825 Serpentes
1140 2761 1418 2812 avidissimi

358 2834 480 2876 sunt
501 2827 605 2876 viui
632 2828 699 2890 vi,
719 2830 817 2877 432

420 2893 639 2942 Serraeo
659 2892 898 2943 veniente
917 2897 1156 2942 coruscat
1175 2890 1317 2941 abies
1341 2891 1418 2954 iii,

420 3021 643 3070 Serrano
658 3020 903 3086 tenuique
922 3021 1094 3070 Saleio
1109 3020 1275 3085 gloria
1289 3020 1416 3085 quid

360 3086 460 3140 erit
482 3086 572 3148 vii,
590 3092 658 3136 80

424 3150 574 3201 Serta
592 3150 713 3201 dnm
729 3149 1000 3215 poscimus,
1015 3149 1224 3213 obrepit
1244 3163 1418 3199 senec·

358 3221 443 3266 tus
466 3216 539 3279 ix,
562 3220 655 3264 128
720 3215 949 3264 delubris
975 3216 1220 3279 imponite
1247 3216 1414 3275 xii,8—1

418 3280 681 3330 Sertorius
705 3295 796 3331 cur
828 3279 1086 3330 desiderio
1108 3279 1307 3330 Bibulae
1333 3294 1413 3329 ar-

359 3344 444 3395 det
468 3346 537 3405 vi,
562 3350 656 3395 142

422 3410 643 3459 Servilia
666 3424 784 3459 cum
814 3409 1025 3459 dederit
1053 3423 1305 3474 nummos,
1321 3407 1414 3459 fiet

358 3481 411 3523 et
434 3474 589 3535 illius,
612 3490 765 3538 quem
787 3489 889 3523 non
912 3481 1049 3524 amat
1071 3490 1125 3537 x,
1147 3478 1243 3523 319

421 3539 655 3589 Serviret
690 3554 804 3589 cum
839 3540 1002 3588 Roma
1024 3539 1172 3589 calvo
1214 3537 1413 3589 Neroni

357 3602 424 3664 iv,
447 3608 512 3653 38
567 3604 763 3653 servire
777 3604 998 3667 jubetur
1017 3603 1212 3653 ferrata
1233 3604 1412 3652 domus

357 3668 444 3728 rii,
465 3671 525 3719 41
586 3669 852 3733 quisquam
877 3667 1088 3718 deorum
1113 3668 1271 3717 vellet
1292 3668 1411 3717 huic

355 3732 564 3793 (Xerxi)
596 3749 650 3792 x,
691 3736 783 3782 184
849 3732 977 3782 nulli
1017 3732 1222 3796 privato
1260 3748 1410 3798 pars·

358 3805 464 3845 tum
488 3797 584 3860 xii,
607 3803 701 3847 106

378 3924 390 3972 ἰ
415 3862 631 3912 Servitii
673 3861 813 3926 longi
854 3867 1092 3927 tempora
1143 3861 1412 3928 perierunt

351 3924 371 3972 ῑ
397 3925 429 3986 ῑ,
452 3929 545 3975 125

419 3990 631 4045 Servius
668 3990 856 4040 aneilla
895 3998 1045 4042 natus
1088 3989 1319 4040 trabeam
1355 3994 1411 4039 et

357 4053 594 4107 diadema
648 4056 849 4106 Quirini
902 4065 957 4108 et
1002 4053 1176 4106 fasces
1218 4055 1410 4104 meruit

355 4134 527 4178 regum
565 4119 776 4169 ultimus
799 4120 887 4169 ille
909 4121 1161 4170 bonorum
1185 4120 1290 4179 viii,
1312 4123 1410 4170 259

419 4186 821 4234 Servo—servas
858 4186 941 4235 cui
988 4191 1068 4234 tot
1107 4183 1303 4247 praedia
1339 4184 1409 4247 ix,

337 4253 416 4305 '³4
473 4257 652 4302 servat
673 4255 918 4315 quantum
934 4263 1252 4303 nummorum
1273 4248 1406 4316 quis-

2285 340 2571 407 cxxxvii

1507 511 1608 560 que
1631 497 1682 545 in
1706 510 1846 555 arca,
1871 499 2072 547 tantum
2094 496 2252 548 babet
2274 505 2329 548 et
2351 498 2471 548 fidei
2497 500 2572 564 iii,

1507 565 1603 609 143
1670 561 1837 609 medio
1850 561 2144 624 Septembri
2162 564 2454 612 hesternum
2477 566 2569 614 mi·

1506 626 1651 674 nuta!
1676 627 1782 684 xiv,
1803 629 1899 675 129
1950 626 2120 689 igue-m
2133 628 2417 691 'l'rojauum
2433 629 2569 679 Alba

1503 688 1577 750 iv,
1608 695 1673 739 60
1739 705 1840 739 non
1876 689 2028 739 finem
2066 692 2311 756 impeusae
2350 693 2568 756 prodiga

1507 754 1670 803 Roma
1704 756 1791 814 vii,
1832 759 1923 804 138
1988 764 2201 806 servant
2234 773 2295 806 ac
2328 767 2567 809 metuunt

1495 820 1586 882 jns
1617 820 1726 881 xiv,
1750 824 1842 868 101
1913 822 2151 869 servabat
2191 822 2322 871 cista
2362 823 2566 874 libellos

1503 884 1579 944 iii,
1600 888 1698 933 206
1762 887 1942 947 hyems
1968 887 2193 949 praedam
2212 895 2476 936 recentem
2498 890 2569 952 iv,

1502 953 1569 998 59
1636 949 1833 999 Fuscus
1869 950 2070 999 viscera
2101 951 2386 1000 vulturibus
2412 953 2566 1003 Dacis

1502 1013 1572 1074 iv,
1610 1017 1700 1063 111
1774 1015 2060 1064 Minervam
2086 1031 2149 1063 ex
2186 1015 2426 1079 flagranti
2451 1018 2565 1067 aede

1501 1078 1578 1141 iii,
1601 1082 1697 1127 139
1746 1079 1973 1129 servavit
1994 1081 2289 1143 conjugium
2314 1082 2367 1129 in
2390 1083 2564 1133 multis

1501 1142 1739 1192 domibus
1763 1144 1967 1193 adulter
1989 1144 2057 1205 ix,
2079 1150 2143 1193 89
2194 1155 2371 1195 servet
2391 1146 2433 1195 si
2460 1147 2564 1196 for-

1501 1212 1653 1256 tunas
1698 1208 1906 1257 eusdem
1956 1209 2306 1272 Hesperidum
2352 1225 2564 1275 serpeus

1501 1280 1592 1322 sut
1615 1272 1868 1322 Ponticus
1886 1273 2101 1335 κὶν,113
2151 1288 2357 1324 servare
2383 1277 2563 1326 Clean-

1501 1337 1614 1386 thas
1658 1337 1887 1400 pluteum
1925 1338 2084 1401 jubet
2128 1338 2187 1399 ii,
2235 1345 2263 1388 7
2340 1340 2562 1393 animam

1498 1402 1597 1449 viri
1638 1403 1850 1465 cupient
1893 1413 2059 1453 morte
2111 1405 2317 1452 catellae
2366 1405 2432 1465 vi,
2466 1410 2561 1456 654

1499 1474 1649 1529 terga
1694 1468 1819 1516 sicci
1858 1468 1961 1516 suis
1999 1466 2149 1517 sestis
2189 1468 2370 1518 diebus
2408 1471 2564 1520 moris

1498 1531 1618 1580 olim
1644 1541 1759 1580 erat
1785 1532 1853 1590 xi,
1875 1536 1937 1581 83
2005 1547 2107 1581 non
2142 1534 2315 1596 potuit
2338 1549 2421 1584 res
2446 1550 2562 1585 suas

1498 1595 1645 1645 Mars
1662 1597 1767 1657 xiv,
1784 1601 1881 1646 262
1933 1605 2171 1647 servatur
2188 1599 2395 1649 domino
2416 1607 2564 1650 tener

1497 1665 1555 1708 et
1576 1661 1757 1710 niveus
1782 1661 1928 1728 panis
1951 1676 1999 1723 v,
2021 1666 2080 1710 71
2152 1671 2426 1713 servantur
2450 1672 2561 1715 tan·
2622 1665 2645 1688 ⁸

1497 1724 1564 1773 tis
1606 1734 1759 1788 parta
1779 1725 1928 1775 malis
1950 1739 2074 1775 cura
2097 1727 2291 1791 majore
2313 1738 2559 1794 metuque

1497 1788 1605 1849 xiv,
1628 1793 1725 1839 304
1791 1791 1953 1854 pluris
1978 1791 2152 1851 Decii,
2171 1806 2325 1856 quam
2345 1794 2433 1856 qui
2456 1809 2561 1843 ser-

1499 1861 1686 1903 vantur
1708 1854 1775 1904 ab
1799 1855 1903 1904 illis
1922 1855 2030 1912 viii.
2052 1859 2149 1904 258
2217 1866 2475 1909 servatum
2501 1859 2555 1908 in

1495 1924 1589 1968 tua
1629 1921 1825 1970 saeculn
1864 1920 2131 1969 rhombum
2170 1921 2243 1985 ir,
2272 1926 2336 1972 68
2417 1922 2559 1974 victo

1495 1990 1658 2047 caput
1687 1984 1899 2034 abstulit
1936 1986 2166 2034 Fortuna
2204 2001 2257 2049 x,
2291 1990 2391 2036 286
2456 2002 2563 2038 ser·

1493 2055 1621 2097 vato
1659 2063 1800 2099 more
1843 2050 2045 2100 Camilli
2078 2051 2183 2114 xvi,
2224 2056 2287 2100 16
2351 2060 2562 2102 servata

1496 2127 1701 2177 semper
1735 2115 1851 2178 lege
1886 2121 1941 2164 et
1974 2114 2177 2165 ratione
2211 2116 2454 2180 loquendi
2488 2118 2558 2180 vi,

1492 2181 1591 2226 453
1679 2179 1800 2229 Jovi
1862 2179 2031 2229 hostia
2078 2181 2173 2245 xii,
2227 2185 2260 2230 6
2338 2192 2557 2234 servam

1495 2256 1607 2292 uvae
1632 2252 1784 2306 parte
1807 2245 1923 2293 anni
1948 2245 2021 2306 xi,
2042 2248 2103 2293 71

1557 2308 1805 2357 Servulus
1828 2307 2013 2358 infelix
2041 2318 2184 2360 recto
2208 2310 2415 2361 cervice
2438 2326 2557 2376 por-

1494 2376 1574 2420 tat
1597 2386 1678 2421 res
1702 2372 1771 2434 iii,
1805 2377 1902 2421 253
1968 2388 2100 2423 uuus
2121 2376 2352 2425 semodio
2388 2377 2558 2427 scobis

1494 2451 1597 2485 uno
1622 2436 1735 2487 baec
1760 2436 2004 2488 emendat
2024 2439 2130 2501 xiv,
2153 2443 2217 2489 67

1558 2502 1750 2551 Servus
1785 2503 2031 2551 matronis
2069 2503 2324 2567 lugendus
2349 2507 2558 2555 occulta

1493 2565 1560 2615 ad
1584 2566 1772 2615 Patres
1796 2566 2044 2643 produxit
2067 2568 2280 2618 crimina
2313 2569 2421 2629 viii,
2458 2574 2555 2619 266

1492 2630 1596 2680 erit
1617 2631 1785 2679 minus
1808 2646 1982 2690 miser.
2020 2631 2107 2696 qui
2146 2631 2337 2683 foderit
2374 2647 2557 2696 agrum

1492 2702 1598 2745 cet.
1633 2696 1707 2757 ix,
1727 2699 1793 2745 45
1861 2695 2092 2759 publicus
2135 2705 2279 2746 tenet
2313 2711 2555 2749 coronam

1493 2766 1551 2810 et
1568 2775 1722 2810 curru
1743 2767 1986 2824 portatur
2004 2760 2187 2811 eodem
2202 2762 2557 2826 (triumphali)

1492 2839 1546 2886 x,
1568 2829 1631 2875 42
1688 2826 1824 2874 servi
1855 2826 1909 2874 in
1931 2826 2288 2889 complexibus
2315 2826 2460 2891 jacet
2484 2827 2554 2891 vi,

1492 2893 1592 2940 2⁷9
1646 2889 1823 2940 divitis
1847 2891 1981 2939 latus
2003 2891 2197 2940 claudit
2218 2892 2300 2941 bic
2325 2891 2458 2941 tilius
2481 2892 2561 2940 inss

1493 2969 1780 3016 genuorum
1819 2955 1894 3019 iii,
1937 2959 2029 3004 131
2097 2956 2349 3005 succincti
2385 2957 2557 3008 minis·

1490 3026 1633 3068 trant
1666 3019 1738 3079 iv,
1774 3023 1838 3067 24
1903 3016 2054 3081 fusci,
2091 3018 2323 3083 formosi,
2357 3022 2555 3085 Graeci,

1492 3084 1645 3146 viles,
1685 3098 1870 3146 magno
1904 3084 2073 3146 pretio
2103 3086 2227 3134 emti
2265 3093 2368 3136 cet.
2404 3102 2453 3147 v,
2489 3092 2553 3138 52

1490 3161 1604 3211 sqq.
1682 3154 1847 3211 stant,
1883 3155 1938 3198 et
1970 3149 2203 3199 conviva
2244 3150 2554 3201 recumbunt

1490 3227 1543 3273 v,
1565 3216 1647 3274 56,
1669 3217 1732 3261 65
1799 3213 2006 3276 proceri
2029 3229 2081 3278 v,
2105 3217 2167 3263 83
2233 3215 2358 3264 nudi
2397 3216 2449 3264 in
2472 3230 2555 3264 ca-

1491 3277 1641 3327 tastis
1664 3286 1994 3342 exponuntur
2017 3279 2224 3328 venales
2246 3281 2333 3342 vii,
2355 3285 2417 3330 16
2483 3280 2554 3330 in-

1488 3343 1692 3406 scripti,
1713 3343 1873 3395 inusti
1895 3350 1997 3393 cet.
2030 3344 2139 3407 xiv,
2178 3348 2242 3392 24
2310 3346 2406 3394 tibi
2429 3352 2551 3396 octo

1488 3406 1583 3470 vii,
1608 3411 1699 3457 141
1769 3414 1829 3457 ut
1845 3415 2077 3469 taceant,
2089 3408 2328 3472 jumenta
2345 3410 2554 3472 loquen-

1491 3477 1579 3522 tur
1598 3472 1672 3534 ix,
1696 3476 1789 3524 103
1856 3474 1975 3522 mali
2002 3488 2116 3536 pars
2136 3473 2358 3536 pessima
2376 3473 2552 3535 lingua

1488 3535 1565 3598 ix,
1589 3542 1684 3590 120
1749 3538 1979 3601 linguam
2000 3544 2329 3586 contemnere
2353 3545 2410 3585 ut
2434 3552 2551 3600 pos-

1490 3601 1585 3651 sim
1610 3609 1713 3651 cet.
1739 3602 1812 3665 ix,
1833 3606 1923 3654 123
1992 3602 2221 3663 videant,
2244 3616 2307 3649 ne
2331 3602 2446 3664 quis
2464 3615 2552 3650 ne·

1489 3674 1581 3729 get
1603 3682 1655 3728 x,
1676 3670 1737 3714 87
1806 3680 1957 3716 servo
1996 3680 2128 3728 pone
2168 3680 2403 3714 crucem:
2446 3680 2550 3715 me-

1490 3730 1594 3779 ruit
1656 3744 1720 3778 uo
1754 3730 1970 3778 crimine
1993 3744 2172 3778 servus
2193 3730 2550 3793 Supplicium?

1485 3794 1603 3843 —0
1660 3807 1855 3855 emens,
1871 3794 1942 3841 its
1958 3795 2297 3842 servusliomo
2317 3796 2424 3843 est?
2447 3803 2552 3846 cet.

1486 3862 1560 3920 vl,
1604 3862 1703 3910 219
1742 3872 1818 3924 sq.
1899 3857 2130 3906 horrenti
2176 3858 2397 3908 tunicam
2445 3875 2549 3911 non

1487 3923 1709 3973 reddere
1743 3922 1777 3985 i,
1812 3926 1875 3973 93
1943 3922 2189 3972 lambenti
2213 3924 2440 3973 crintula
2461 3939 2545 3975 co-

1485 3988 1694 4051 laphum
1728 3987 2004 4038 incutimus
2037 3988 2107 4052 ix,
2141 3995 2171 4037 5
2241 4004 2443 4038 servum
2469 3998 2548 4042 ta-

1485 4053 1588 4101 lem
1637 4053 1848 4102 sortitus
1887 4051 2011 4117 quid
2052 4053 2244 4102 facias?
2285 4067 2469 4116 nempe
2493 4054 2546 4103 in

1484 4117 1717 4170 Lucanos
1752 4124 1842 4167 aut
1872 4118 2043 4167 Tusca
2078 4119 2340 4181 ergastula
2374 4118 2547 4169 mittas

1484 4182 1590 4244 viii,
1630 4187 1724 4232 179
1788 4197 2053 4232 servorum
2090 4182 2423 4232 barbarorum
2446 4181 2546 4247 sig.

1481 4261 1603 4299 uum
1626 4249 1788 4314 pedes
1810 4248 1911 4299 albi
1935 4264 1977 4301 s.
1992 4248 2196 4314 gypsati
2217 4247 2253 4311 i,
2273 4250 2365 4300 111
2420 4259 2546 4303 veu—
