3050 4913
1230 394 1278 442 A
1325 391 1604 445 rensu-
2371 369 2513 451 529?

303 536 470 608 1725
510 537 841 612 Rostocbii,
888 550 946 602 8.
1008 540 1188 601 Persii
1234 543 1426 624 Satyr.
1452 565 1508 604 c.
1539 561 1685 604 vers.
1733 563 1914 621 germ.
1943 544 2193 623 prosarie
2242 547 2333 606 M.
2361 549 2502 611 Job.

392 635 566 712 Beuj.
594 637 934 716 Dragheim.

313 737 470 799 1737
515 732 860 803 Mediolani,
889 744 948 794 4.
991 733 1220 793 Persius
1267 756 1326 794 e.
1355 757 1503 797 vers.
1537 737 1736 795 Italica
1778 739 1915 797 Ant.
1945 739 2150 797 Mariae
2178 739 2414 813 Salvini,
2444 740 2503 800 iu

394 824 576 903 Corp.
607 829 862 888 omnium
895 840 1007 890 vet.
1036 837 1198 908 po‘e't.
1227 831 1331 891 lat.
1363 833 1603 892 Mediol.
1635 834 1716 892 T.
1746 850 1891 892 XVI.

307 928 473 990 1738
517 924 682 1001 Lips.
734 934 792 985 8.
836 926 1065 986 Persius
1110 950 1167 989 c.
1220 949 1366 989 vers.
1409 930 1614 993 Germ.
1660 930 1897 1007 poetica
1937 931 2035 990 Jo.
2082 931 2238 990 Dan.
2270 931 2502 1011 Heydii.

396 1017 550 1086 Quae
578 1020 813 1097 quidem
842 1022 1241 1102 interpretatio
1268 1027 1406 1085 satis
1433 1035 1524 1085 est
1549 1026 1699 1084 fusa.

319 1113 474 1181 1765
516 1115 944 1196 Norimbergae,
975 1130 1032 1181 4.
1064 1125 1139 1182 A.
1184 1121 1365 1182 Persii
1407 1123 1642 1198 Satyras
1687 1142 1787 1179 sex
1827 1120 1904 1180 ad
1937 1121 2114 1181 fidem
2152 1123 2507 1200 optimarum

396 1210 716 1272 editionum
768 1234 885 1274 una
931 1238 1066 1276 cum
1095 1220 1268 1279 variis
1314 1215 1662 1278 lectionibus
1710 1217 1933 1277 codicis
1960 1218 2271 1278 Ebueriaui
2326 1220 2513 1280 edidit

397 1308 622 1387 Georg.
651 1310 806 1370 Frid.
829 1313 1140 1385 Sebaldus,
1170 1316 1501 1392 tabulisque
1530 1314 1703 1373 aeneis
1725 1314 1933 1373 incidit
1956 1315 2052 1373 Jo.
2072 1315 2258 1374 Mich.
2282 1315 2509 1375 Schmi-

394 1403 548 1477 dius,
578 1407 866 1468 sumtibus
895 1410 956 1469 b.
983 1413 1179 1473 Baltb.
1209 1412 1489 1473 Schmidii
1519 1410 1837 1471 haeredum.

265 1579 272 1587 ι
303 1533 399 1545 --
422 1502 649 1573 Bernae,
682 1512 740 1564 8.
786 1507 892 1564 Les
922 1507 1155 1587 Satyres
1184 1508 1260 1568 de
1288 1509 1479 1568 Perse.
1523 1491 1580 1566 'A
1609 1509 1790 1566 Berne
1817 1506 1962 1566 chez
1994 1508 2064 1565 B.
2095 1506 2163 1565 L.
2183 1507 2510 1580 walthan-d,

405 1595 801 1667 1765.—Au1i
859 1604 1035 1663 Persii
1088 1605 1285 1666 Flacci
1338 1607 1585 1683 Satyrae.
1643 1606 1867 1673 Rerum,
1908 1622 1977 1661 ex
2033 1602 2264 1662 officina
2313 1605 2512 1664 bered.

401 1693 690 1773 Wagneri,
719 1696 896 1765 1765.
967 1703 1200 1780 Sumpt.
1233 1704 1300 1761 B.
1332 1701 1402 1759 L.
1431 1699 1773 1762 walthardi.
1836 1699 2154 1777 Duplicem
2192 1699 2350 1759 bunc
2379 1699 2517 1760 titu-

400 1788 523 1849 lum
568 1794 790 1872 excipit
836 1796 1104 1873 praefatio
1149 1797 1385 1858 editoris
1431 1800 1551 1873 (Jo.
1582 1797 1738 1857 Rud.
1781 1796 2026 1866 Sinneri,
2079 1795 2515 1856 Bibliothecurii

400 1894 528 1947 tum
557 1889 885 1962 Beruensis,
906 1893 985 1951 ab
1013 1912 1107 1953 an.
1146 1893 1320 1962 1776.
1351 1892 1641 1952 Advocati
1669 1891 1932 1971 provinc.
1960 1893 2018 1950 in
2048 1892 2290 1964 Erlacb)
2318 1892 2376 1950 in
2399 1911 2517 1970 qua

400 2000 466 2040 ze
509 1985 804 2063 praecipue
840 2007 910 2046 ex
938 1988 1175 2048 Theod.
1207 1988 1458 2048 Marcilii
1483 1996 1544 2046 et
1592 1988 1669 2047 ts.
1702 1989 2033 2048 casauboni
2058 1989 2290 2047 Comm.
2318 1987 2518 2066 profe·

405 2076 572 2151 cisse,
601 2082 909 2142 Tarteroni
938 2105 1086 2146 vers.
1115 2071 1252 2164 gall.
1283 2095 1417 2145 utut
1444 2085 1657 2163 saepius
1706 2105 1742 2144 a
1786 2104 1961 2145 seusu
2005 2092 2200 2164 poetae
2247 2084 2517 2146 aberrare

401 2172 515 2233 sibi
541 2176 746 2249 visam,
772 2188 830 2238 et
859 2182 1141 2259 Drydenii
1170 2202 1323 2242 vers.
1355 2182 1682 2259 Anglicam,
1715 2202 1849 2259 quae
1878 2183 2061 2261 magis
2088 2181 2381 2259 ingenium
2430 2182 2520 2239 in-

405 2273 696 2348 terpretis,
724 2294 901 2351 quam
931 2276 1112 2336 Persii
1149 2277 1430 2348 redoleat,
1460 2276 1841 2346 consuluisse,
1871 2277 2107 2337 tandem
2137 2277 2315 2335 vitam
2348 2276 2525 2335 Persii

403 2370 663 2441 (vetusto
688 2381 926 2431 auctore
953 2392 990 2431 a
1018 2374 1246 2433 Pithoeo
1274 2373 1516 2447 editam)
1541 2373 1617 2432 ad
1656 2374 1884 2451 regulas
1912 2372 2051 2432 artis
2080 2372 2303 2431 criticae
2331 2391 2523 2431 emen·

403 2463 596 2535 desse,
626 2467 955 2544 profitetur.
1022 2468 1327 2545 (Videmus
1351 2478 1567 2539 autem,
1588 2468 1718 2544 jam
1747 2468 1884 2526 olim
1913 2467 2087 2525 vitam
2121 2466 2285 2524 istam
2315 2466 2373 2523 in
2403 2465 2521 2526 fine

400 2578 443 2620 a
468 2561 622 2622 Dan.
651 2565 907 2626 Eremita
957 2566 1162 2625 melius
1207 2565 1539 2625 ordinatam
1582 2563 1918 2642 conspirare
1947 2580 2082 2621 cum
2112 2561 2522 2623 emendatione

408 2656 798 2735 Sinneriana‘.)
834 2662 1142 2741 Cujusque
1163 2662 1300 2721 dein
1328 2664 1551 2740 Satyrae
1578 2661 1756 2721 fronti
1784 2660 1930 2719 scite
1957 2658 2259 2737 appictum
2288 2668 2374 2716 est
2401 2666 2523 2718 em·

407 2750 645 2826 blema;
688 2758 873 2817 textui
920 2757 1102 2818 latino
1147 2777 1183 2816 e
1230 2758 1460 2836 regione
1506 2766 1597 2816 est
1623 2756 1812 2816 versio
1840 2754 1996 2816 Gall.
2028 2755 2301 2833 proseria.
2372 2754 2523 2813 Dein

409 2848 528 2909 vita
556 2852 736 2912 Persii
777 2854 1042 2931 sequitur
1068 2876 1123 2915 c.
1151 2874 1303 2914 vers.
1331 2867 1453 2913 tum
1484 2874 1520 2912 a
1549 2873 1685 2932 pag.
1716 2862 1812 2922 81,
1842 2851 2157 2930 explicatio
2204 2850 2523 2909 emblema·

409 2953 557 3018 tum,
586 2962 680 3007 VI.
712 2950 933 3028 Satyris
958 2959 1019 3009 et
1045 2950 1217 3009 titulo
1245 2950 1379 3009 libri
1400 2949 1607 3009 latino
1634 2949 2006 3028 appictorum
2033 2968 2105 3006 ex
2132 2946 2520 3024 antiquitateg

409 3042 643 3102 taudem
671 3064 707 3103 a
734 3064 870 3124 pag.
892 3053 992 3115 91.
1015 3046 1092 3105 ad
1129 3054 1261 3106 184.
1285 3054 1440 3105 notae
1468 3046 1528 3104 in
1558 3047 1792 3124 Satyrus
1812 3043 2043 3104 Gallice
2072 3044 2209 3103 satis
2235 3045 2526 3120 eleganter

411 3139 667 3217 scriptae.

339 3241 492 3303 1775
536 3236 718 3296 Paris.
750 3246 805 3298 8.
845 3236 1073 3297 Persius
1119 3256 1175 3296 c.
1221 3256 1369 3297 vers.
1421 3244 1584 3317 po’et.
1614 3233 2104 3297 Gallica-Selisii.
2172 3232 2323 3292 Vide
2375 3231 2527 3292 infra

412 3349 582 3390 vens.
613 3334 772 3392 Gall.

330 3459 412 3473 -
441 3427 691 3488 Berolin.
723 3437 780 3487 et
827 3428 987 3507 Lips.
1036 3437 1071 3489 8
1117 3429 1256 3489 min.
1296 3429 1530 3489 Persius
1575 3449 1630 3490 c.
1661 3448 1811 3488 vers.
1852 3429 2055 3488 Germ.
2107 3445 2242 3505 quae
2288 3422 2523 3502 quidem

412 3521 810 3602 interpretatio
839 3524 970 3584 fusa
993 3533 1102 3586 est.

1111 3667 1744 3729 VERSIONES.

342 3882 500 3937 1514
540 3876 601 3936 h.
631 3895 686 3936 a.
728 3876 987 3937 Persium
1033 3793 1663 3954 Gnmcaozinssi‘alffffrasi
1710 3872 1952 3934 donavit
1976 3869 2157 3930 Abel.
2185 3868 2530 3942 Foulonius,

420 3972 603 4032 Paris.
653 3972 789 4032 Vid.
820 3971 1046 4033 fabric.

317 4067 501 4130 ·1586
539 4067 771 4130 Persius
797 4089 870 4129 ex
897 4088 1048 4129 vers.
1077 4067 1296 4129 Gallie.
1314 4070 1398 4129 G.
1420 4065 1707 4138 Durandi,
1739 4074 1795 4126 8.
1823 4086 1881 4126 c.
1909 4072 2075 4125 textu
2097 4062 2227 4122 Lat.
2273 4060 2411 4121 vid.
2431 4058 2530 4119 ed.

417 4164 519 4226 ad.
547 4165 608 4226 h.
632 4184 688 4227 a.
