3050 4913
499 370 630 438 182

1262 387 1332 437 A·
1380 388 1629 438 Pnnsn
1679 384 1942 439 Emicat

499 530 638 611 Qui
658 531 837 616 prior
863 549 964 609 θε,
993 550 1110 596 θιιι·
1138 552 1242 596 me
1271 533 1339 596 in
1367 531 1652 597 decursu
1681 530 1997 616 lampada
2023 531 2256 615 poscis
2273 532 2307 597 ‘l

497 633 665 698 Sum
690 634 814 699 tibi
839 633 1243 701 Mercurius:
1286 636 1482 700 venio
1514 634 1704 699 Deus
1731 635 2041 715 huffego,
2073 641 2146 699 ut
2172 634 2284 698 ille
2337 654 2346 661 ·

495 734 820 819 Pingitur.

493 841 516 871 ‘
556 836 755 903 Deest
782 837 1035 923 aliquid
1062 839 1383 905 summae-³

907 734 1016 800 An
1042 738 1265 801 renuis
1286 738 1317 801 ‘l
1361 735 1513 803 vi’n'
1544 744 1615 802 tu
1645 737 1925 820 gaudere
1950 737 2239 800 relictis?

1472 839 1695 905 Minui
1727 841 1926 905 mihi:
1972 838 2093 905 sed
2132 839 2256 903 tibi
2299 844 2508 903 totum
2533 842 2656 918 θεῖ,

490 1033 562 1082 es,
580 1020 863 1083 «rumpetis
891 1037 924 1070 a
943 1036 1019 1071 ne
1039 1020 1240 1081 facen’
1219 1038 1271 1072 ιιι
1290 1037 1430 1072 cum
1447 1020 1474 1073 :1
1507 1021 1626 1073 Sam
1643 1022 1734 1073 tibi
1762 1024 1907 1073 velut
1925 1023 2213 1073 Mercurius.
2281 1022 2390 1084 Ego
2429 1020 2525 1072 tibi
2558 1020 2703 1069 Deus

491 1085 656 1134 accedo
677 1085 849 1147 manc,
862 1087 985 1136 aeut
999 1087 1082 1139 ille

1099 1087 1389 1151 depingitur.
1455 1086 1777 1139 Auream?
1827 1088 1982 1138 Visne
2022 1082 2700 1150 tufrwiiis-quaerehnquo?

496 1148 711 1200 Atenim
730 1165 922 1201 umine
951 1152 1444 1202 mundandum
1473 1159 1564 1204 est.
1631 1154 1838 1216 Nempe
1869 1154 2063 1203 detraxi
2095 1152 2237 1205 mihi.
2302 1151 2539 1201 nucem
2560 1149 2704 1212 quod-

1491 1303 1712 1394 NQTAE

558 1424 620 1472 61
660 1419 759 1479 Qun·
773 1423 907 1487 prior
923 1422 997 1487 es]
1028 1424 1105 1474 Tu
1123 1437 1264 1488 vero,
1281 1424 1561 1489 olegitime

497 1492 683 1560 hares,
710 1510 827 1548 cum
848 1499 1019 1548 senior
1039 1513 1120 1549 me
1141 1500 1208 1549 sis
1228 1506 1286 1550 et
1307 1506 1432 1551 natu
1456 1515 1561 1551 ma·

489 1573 597 1638 jor,
640 1589 736 1625 cur
774 1590 806 1625 a
845 1590 928 1626 me
964 1576 1322 1629 hereditatem
1360 1588 1560 1644 speras,

497 1650 588 1714 qui
608 1665 720 1701 sum
750 1651 929 1716 junior
959 1659 1014 1703 et
1035 1651 1089 1702 in
1121 1667 1275 1703 cursu
1295 1653 1420 1704 vitae
1442 1668 1561 1718 pos·

496 1726 694 1776 terior?
742 1728 895 1792 ΔἱῙθΙ,
933 1734 990 1778 tn
1030 1729 1137 1794 qui¹
1162 1730 1344 1779 Manio
1385 1731 1562 1795 potior

496 1801 623 1851 mihi
661 1815 737 1867 es,
753 1809 809 1853 et
840 1818 965 1855 vere
1008 1812 1282 1869 cognatus,
1314 1820 1410 1857 cur
1439 1806 1564 1856 dum

497 1881 637 1946 vivo,
658 1881 953 1935 hereditati
974 1899 1103 1936 meas
1118 1886 1279 1935 inhias
1300 1894 1423 1936 ante
1438 1886 1563 1950 iegi-

499 1958 681 2008 timum
724 1966 946 2025 tempus,
971 1961 1170 2012 scilicet
1203 1969 1327 2013 ante
1362 1963 1564 2013 absolu-

500 2040 611 2085 tum
657 2034 777 2087 vitm
821 2037 1082 2088 stadium?
1171 2039 1328 2088 Certe
1385 2052 1565 2089 cursor

498 2124 602 2160 non
625 2112 763 2174 petit
798 2112 1087 2177 lampadem
1113 2114 1178 2164 ab
1207 2113 1313 2164 aiio
1334 2119 1459 2164 ante
1477 2113 1567 2164 de·

499 2202 705 2239 cursum
743 2189 997 2253 spatium:
1044 2204 1307 2255 nunquam
1351 2203 1473 2239 vero
1511 2189 1565 2239 in

498 2268 616 2331 ipso
636 2280 803 2332 cursu,
822 2281 921 2318 nec
937 2268 1077 2333 prior
1092 2282 1124 2318 a
1145 2267 1450 2380 posteriore,
1471 2267 1567 2318 sed

502 2350 702 2397 contra.

569 2423 672 2472 Cur
690 2437 776 2473 me
809 2423 865 2474 in
898 2424 1095 2474 decursu
1129 2424 1346 2488 lampada
1383 2422 1570 2488 ponens]

502 2501 798 2566 Ailegorica
833 2502 1026 2553 locutio
1049 2502 1289 2553 desumta
1328 2517 1361 2552 a
1380 2510 1569 2563 λαμπα·

499 2578 739 2643 δηδρομία.
827 2580 1054 2644 Nempe,
1104 2587 1164 2629 ut
1217 2579 1293 2629 ait
1359 2578 1566 2641 Suidas,

502 2655 778 2721 Lampadis
800 2656 907 2706 tria
927 2653 1065 2705 festa
1084 2659 1207 2705 sunt
1238 2654 1379 2719 apud
1401 2652 1566 2705 Athe·

502 2733 722 2796 nienses,
793 2732 1170 2794 Panathenaea,
1242 2730 1570 2795 Vulcanalia,

501 2809 830 2860 Promethea.
918 2809 1001 2857 De
1048 2806 1351 2857 Promethei
1390 2807 1566 2856 Sacris

498 2889 585 2938 hic
604 2888 798 2938 mentio
821 2893 919 2950 est,
948 2886 1001 2934 in
1028 2884 1212 2951 quihus
1234 2886 1456 2949 juvenes
1480 2898 1566 2934 ac·

500 2976 679 3014 censas
705 2963 871 3013 taedas
893 2968 1158 3028 gestantes
1197 2959 1569 3024 decurrebant,

501 3038 1026 3104 certabantque,·quis
1043 3036 1109 3087 ad
1133 3051 1347 3101 scopum
1372 3025 1567 3101 primus

501 3115 804 3180 perveniret
836 3127 941 3164 non
979 3114 1212 3164 extincta
1251 3111 1386 3163 face.
1452 3111 1571 3161 Pri-

498 3206 615 3242 mus
658 3190 982 3257 defatigatus
1020 3189 1276 3255 proximo,
1311 3189 1355 3239 is
1387 3193 1573 3253 postea

504 3266 734 3320 defessus
755 3267 927 3332 alteri,
959 3273 1013 3317 et
1041 3266 1292 3331 deinceps
1316 3264 1450 3314 alius
1482 3263 1573 3313 alii

502 3346 747 3397 tradebat
769 3345 1040 3395 ardentem
1061 3342 1252 3405 facem,
1275 3342 1442 3392 donec
1465 3354 1572 3391 me·

502 3429 611 3474 tam
656 3423 1034 3487 pertingerent.
1114 3422 1192 3470 Ea
1229 3418 1441 3485 quidem
1464 3432 1574 3468 *ara

503 3501 803 3552 Promethei
837 3501 887 3549 in
924 3497 1214 3549 Academia
1245 3495 1365 3559 fuit,
1404 3511 1436 3545 a
1470 3509 1573 3560 qna

503 3578 570 3629 ed
604 3578 787 3628 urbem
810 3592 988 3628 cursus
1027 3580 1142 3625 erat
1174 3588 1292 3626 cum
1335 3571 1570 3623 accensis

502 3654 755 3718 ejusmodi
800 3652 1019 3704 facibus.
1104 3649 1242 3700 Vide
1301 3646 1454 3699 Alex.
1500 3644 1569 3697 ab

505 3728 661 3779 Alex.
675 3743 730 3779 v.
754 3733 803 3779 8.
871 3728 1039 3792 Hujus
1057 3723 1446 3777 consuetudinis
1466 3737 1572 3774 me-

494 3805 768 3863 ,minerunt
788 3806 954 3855 Varro
988 3816 1078 3853 ιιι.
1108 3807 1189 3853 lu.
1224 3801 1292 3852 de
1330 3802 1410 3851 Re
1440 3801 1572 3850 Rus-
1645 3820 1660 3826 ·

508 3879 633 3947 ὅθι,
654 3882 741 3932 uhi
773 3882 868 3945 ait,
905 3884 921 3910 ⁸
944 3882 1097 3933 Nunc
1131 3895 1287 3930 cursu
1326 3878 1571 3944 lampada

508 3957 609 4009 tihi
629 3957 779 4009 trado
792 3956 825 4018 ς’
841 3956 906 4006 ·id
930 3963 1033 4020 est,
1068 3955 1165 4007 tihi
1186 3954 1395 4006 dicendi
1427 3954 1568 4006 vices

507 4034 699 4086 trado.·
740 4032 926 4083 Cicero
948 4031 1016 4081 ad
1051 4031 1286 4083 Herenn.
1308 4045 1386 4082 ιν.
1408 4031 1426 4059 ‘
1447 4031 1569 4082 Non

507 4113 663 4176 etnim,
684 4108 1106 4178 quemadmodum
1123 4109 1175 4158 in
1197 4109 1462 4173 palaestra,
1484 4108 1574 4173 qui

510 4191 677 4243 tedas
694 4211 699 4218 ·
717 4189 962 4240 ardentes
994 4187 1203 4251 accipit,
1241 4186 1461 4237 celerior
1494 4191 1576 4235 est

511 4269 567 4321 iu
585 4279 745 4320 cursu*
764 4264 1028 4332 continuo,
1050 4277 1206 4333 quam
1237 4263 1328 4316 ilie
1360 4262 1449 4331 qui
1473 4268 1577 4316 tra·

1644 3581 1904 3632 'ventitiaP
1973 3580 2161 3631 Horat.
2203 3580 2315 3629 Sat.
2365 3591 2429 3628 ιι.
2473 3582 2523 3628 3.

1837 1272 1876 1313 q

1642 1424 1754 1485 dit3
1787 1423 1864 1473 ita
1893 1423 2076 1473 melior
2107 1420 2403 1483 Imperator
2436 1431 2599 1468 novus
2617 1417 2708 1483 qni

1641 1500 1837 1565 accipit
1867 1499 2170 1561 exercitum,
2209 1496 2473 1563 quam‘ille
2493 1497 2584 1561 qni
2617 1496 2710 1546 de·

1642 1580 1812 1632 cedit:
1877 1585 2160 1646 propterea
2200 1576 2338 1643 quod
2394 1575 2711 1641 defatigatus

1642 1648 1824 1707 cursor
1845 1656 1937 1706 dat
1958 1656 2161 1721 integro
2181 1653 2352 1704 facem
2372 1672 2388 1717 ;
2419 1660 2475 1704 at
2503 1653 2590 1703 hic
2620 1667 2712 1717 pe·

1643 1734 1776 1784 ritus
1800 1735 2100 1799 Imperator
2117 1732 2360 1797 imperito
2382 1729 2711 1781 exercitum!

1645 1812 1716 1861 Et
1738 1817 1861 1861 ante
1882 1811 1998 1860 illos
2022 1808 2295 1860 Lucretius
2327 1808 2418 1859 iih.
2439 1822 2501 1858 ιι.
2525 1822 2603 1860 vs.
2623 1811 2710 1859 rt.

1645 1889 1663 1917 ‘
1686 1887 1853 1953 Inque
1886 1887 2032 1937 brevi
2055 1886 2225 1951 spatio
2262 1891 2528 1935 mutantur
2551 1884 2713 1934 secla

1646 1964 1982 2026 animantum,
2016 1964 2087 2013 Et
2125 1962 2273 2028 quasi
2307 1974 2548 2031 cursores
2583 1959 2712 2010 vitai

1650 2041 1895 2106 lampada
1917 2039 2171 2090 tradunt.’

1709 2118 2368 2182 assummum-arun]
2417 2117 2504 2168 Ne
2537 2120 2714 2167 ment
2811 2142 2814 2143 ν

1646 2195 2010 2262 propinquum,
2041 2201 2096 2245 te
2116 2200 2176 2245 ut
2208 2193 2467 2244 haeredem
2489 2200 2712 2254 certum,

1645 2288 1812 2324 meam
1851 2273 2212 2324 hereditatem
2234 2271 2382 2337 quasi
2418 2277 2562 2321 tuam
2596 2271 2717 2321 tibi·

1647 2352 1880 2416 quejure
1902 2350 2134 2401 debitam
2158 2349 2271 2414 jam
2302 2361 2439 2398 nunc
2470 2347 2714 2409 intuere3

1650 2429 1743 2479 sed
1778 2428 1950 2493 potius
1988 2425 2135 2492 finge,
2164 2424 2262 2475 tibi
2298 2438 2381 2474 me
2418 2437 2534 2474 esse
2569 2423 2714 2474 velut

1647 2505 1988 2568 Mercurium,
2019 2505 2110 2570 qui
2132 2502 2231 2553 tihi
2256 2502 2461 2565 ἑρμαῖον,
2484 2501 2713 2565 inspera-

1646 2589 1754 2631 tum
1794 2586 1851 2632 et
1891 2579 2166 2631 fortuitum
2203 2580 2500 2629 thesaurum
2538 2583 2595 2626 et
2639 2579 2715 2626 ln·

1644 2672 1791 2708 crum
1826 2643 2094 2722 annuntio,
2114 2654 2558 2720 indico,'ostendo
2591 2669 2713 2721 cap-

1648 2735 1881 2787 tandum.

1643 2837 1646 2838 ⁷
1720 2811 1867 2863 Venio
1900 2812 2034 2861 Deus
2072 2811 2163 2860 huc
2191 2807 2301 2872 ego]
2356 2807 2625 2874 Inopiuati
2661 2814 2715 2857 et

1645 2886 1863 2938 indebiti
1885 2887 2017 2936 lucri
2051 2886 2218 2947 Deus,
2241 2891 2300 2934 nt
2335 2883 2581 2946 diximus,
2606 2882 2714 2932 Sat.

1647 2978 1710 3015 ιι.
1732 2969 1812 3014 vs.'
1828 2968 1912 3015 11.
1929 2963 1995 3013 ad
2016 2962 2177 3012 verba
2200 2963 2344 3012 haec:
2382 2961 2574 3011 Dextro
2592 2959 2718 3009 Her·

1723 3121 1795 3170 Ut
1823 3120 1904 3170 ille
1931 3119 2175 3185 pingitur]
2215 3119 2511 3169 Mercurius
2539 3118 2718 3184 pinge·

1653 3199 1808 3250 batur
1830 3211 1984 3248 manu
2021 3205 2204 3248 tenens
2233 3211 2530 3247 crumenam
2564 3212 2717 3261 pecn-

1647 3274 1739 3324 nia
1764 3274 2044 3339 ‘gravidam
2080 3280 2136 3323 et
2160 3279 2473 3338 turgentem.
2515 3272 2719 3336 suidas,

1656 3351 1978 3401 Macrobius.

1716 3431 1780 3478 68
1818 3427 1898 3478 Aa
1951 3425 2135 3493 renuis]
2193 3426 2276 3476 An
2320 3440 2423 3475 non
2468 3426 2545 3475 vis
2583 3425 2718 3475 bona

1650 3519 1769 3555 mea
1784 3505 1930 3554 velut
1953 3505 2113 3568 gratis
2137 3503 2264 3554 data
2287 3503 2527 3567 accipere
2551 3508 2606 3551 et
2630 3502 2717 3549 ad·

2575 3582 2590 3607 ‘
2617 3578 2716 3626 Ex-

1650 3657 2029 3721 cors‚·Rejecta
2066 3657 2262 3723 praeda,
2293 3661 2444 3723 quam
2489 3651 2718 3720 prae‘sens

1650 3737 1947 3787 Mercurius
1970 3735 2119 3787 fert?
2166 3751 2172 3760 ·

1722 3812 1849 3863 Ven'
1866 3819 1919 3863 tu
1929 3815 2139 3877 gaudere
2160 3810 2366 3875 relictis]
2383 3811 2548 3861 Visne
2562 3808 2720 3874 potiri

1650 3888 1958 3939 haereditate
1981 3904 2117 3951 mea,
2136 3894 2256 3952 post
2290 3892 2510 3938 mortem
2532 3887 2720 3948 meam‘,

1653 3970 1902 4033 quantula
1926 3965 2083 4016 fuerit
2105 3966 2227 4015 ilia?

1716 4049 1783 4095 64
1815 4046 1963 4095 Deest
1998 4043 2178 4106 aliquid
2212 4040 2428 4104 summ]
2477 4041 2722 4090 Fortasse

1654 4121 1817 4185 dices,
1836 4128 2038 4185 partem
2060 4119 2172 4183 ejus
2198 4117 2424 4184 aliquam
2462 4130 2492 4164 a
2527 4128 2610 4164 me
2636 4115 2724 4164 ab·

1651 4203 1869 4249 sumtum
1893 4196 2071 4247 fuisse.
2136 4194 2212 4244 At
2245 4209 2345 4259 ego
2381 4192 2476 4242 tibi
2512 4203 2724 4254 respon·

1655 4274 1775 4342 deo,
1794 4272 1948 4326 minui
1966 4271 2087 4324 mihi
2098 4286 2118 4333 ,·
2154 4276 2225 4337 et,
2245 4266 2723 4338 quicquiddetrax-
