3050 4913
1066 387 1313 437 PERsu
1402 385 1565 435 ΕΔΤ.
1616 389 1726 435 111.

284 538 430 592 sunt,
448 545 574 596 quas
595 540 769 583 tamen
790 531 924 581 scire
942 544 1039 581 nec
1054 531 1231 594 juvat,
1251 545 1350 580 nec
1375 527 1386 542 '

285 608 694 673 prodam—Car
711 606 880 672 palles]
903 608 967 658 ld
989 616 1089 671 est,
1101 610 1242 660 Quas
1263 624 1355 658 nn-

288 699 384 748 gas
410 691 682 748 tantopere
704 685 988 747 demiraris,
1009 693 1155 736 tanto
1183 685 1354 736 studio

290 761 549 823 adfectas,
570 770 629 811 ut
659 762 780 813 inde
817 763 1063 826 pallorem
1102 764 1196 814 tibi
1235 779 1354 814 con-

292 836 471 886 trahas
496 836 702 899 ?-—Cur,
755 837 860 900 ξω]
926 838 1118 888 Amara
1172 839 1357 890 irrisio.

294 911 386 962 Ob
407 913 560 962 hasce
584 915 947 976 nugacissimas
965 930 1123 979 nugas
1140 915 1360 979 impran-

294 988 343 1035 si
360 995 418 1040 et
437 987 684 1037 incoenati
708 995 951 1054 tanquam
971 991 1036 1040 ob
1056 1006 1161 1040 rem
1184 992 1359 1054 ingen-

297 1062 369 1113 tis
414 1064 578 1128 precii
622 1079 679 1114 se
723 1074 1008 1126 macerant,
1052 1067 1361 1131 minimoque

298 1139 420 1189 cibo
440 1141 675 1190 contenti
698 1142 895 1192 vivunt.
959 1143 1135 1192 Lebin-

364 1219 430 1263 86
464 1216 584 1280 His]
621 1217 702 1266 De
725 1218 914 1267 talibus
936 1219 1362 1282 Philosophorum

298 1290 498 1352 verbis,
539 1293 763 1356 populus
811 1295 1070 1343 Romanus
1122 1302 1364 1359 tanquam

298 1365 502 1417 affaniis
523 1375 578 1417 et
600 1369 811 1433 ineptiis
835 1369 989 1419 ridet.
1040 1369 1144 1419 Alii
1168 1371 1367 1433 legunt,

300 1443 413 1492 Hos
415 1443 812 1508 .—Multmisqioe]
876 1446 1135 1497 Juventus
1168 1448 1365 1496 militias

301 1517 499 1582 dedita,
518 1521 841 1584 corpulenta,
873 1529 928 1571 et
962 1524 1365 1573 torosa—wro-

301 1594 381 1658 ω]
413 1595 582 1645 Valde
605 1599 915 1661 corpulenti,
930 1607 984 1649 et
1004 1600 1182 1662 torosi,
1203 1599 1255 1648 id
1272 1608 1371 1660 est,

2347 376 2490 441 243

1428 529 1658 592 graviter
1686 535 1741 580 et
1771 545 1911 594 aegre
1933 529 2186 581 dueatur:
2223 533 2327 594 vel,
2350 523 2498 599 quod'

1428 605 1617 655 halitus
1654 607 1931 656 maleolens
1954 608 2182 671 graviter
2213 609 2396 673 spiret,
2432 617 2493 660 nt

1430 683 1482 733 in
1523 684 1817 747 pulmonum
1862 681 2494 746 putrefactionibusss—-Ia-

1429 759 1573 822 spice,
1593 758 1700 822 ξω]
1733 759 1915 819 Sodes,
1946 761 2173 823 antiquae
2205 759 2494 813 affectatio-

1433 838 1512 886 nis
1538 845 1617 887 est
1637 854 1648 885 :
1685 838 1814 886 acleo
1833 844 1889 886 ut
1908 837 2074 888 soluto
2103 853 2165 887 eo
2188 840 2395 903 quidam
2415 840 2497 891 usi

1435 916 1571 964 sint:
1623 922 1680 963 ut
1705 913 1941 975 Plautus,
1966 916 2051 980 qui
2077 930 2172 978 per
2193 917 2499 978 solutionem

1436 991 1512 1041 sic
1535 993 1640 1041 ait:
1678 991 1693 1018 ⁴
1711 991 1816 1040 Dic
1838 991 1977 1051 mihi,
1997 992 2038 1039 si
2063 993 2239 1055 audes,
2258 1008 2372 1056 quoe
2396 1001 2498 1058 est,

1437 1082 1591 1132 quam
1615 1067 1805 1116 ducere
1832 1067 1907 1116 vis
1931 1068 2195 1117 uxorem?
2262 1071 2363 1118 νεὶ.
2389 1071 2500 1122 ScLi

1438 1143 1675 1204 —Sodes]
1758 1143 2034 1193 Blanditur
2080 1145 2314 1197 medico.
2372 1149 2504 1197 sodes

1438 1222 1572 1272 enim
1598 1221 1924 1271 blandientis.
1991 1223 2163 1273 Lubin.

1502 1302 1570 1346 90
1605 1297 1719 1360 Qui,
1739 1295 1846 1358 ξω]
1911 1299 2014 1350 Qui
2051 1300 2241 1349 talibus
2263 1309 2317 1350 et
2340 1303 2503 1352 consi·

1441 1373 1649 1422 milibus
1683 1373 1854 1421 verbis
1874 1374 2130 1423 medicum
2153 1378 2503 1440 compellavit,

1441 1449 1697 1509 —Jussus,
1717 1447 1825 1511 ξω]
1890 1449 1990 1497 Ubi
2016 1450 2156 1512 prius
2183 1459 2379 1501 certum
2402 1469 2511 1504 me-

1443 1523 1791 1574 dicamentnrn
1845 1539 1875 1572 a
1928 1524 2130 1574 medico
2183 1528 2394 1578 sumsit:
2453 1531 2505 1579 in

1444 1607 1686 1665 quartum
1726 1599 1861 1648 diem
1905 1607 2145 1650 eventum
2197 1611 2507 1667 exspectare

304 1669 473 1721 fortes
497 1680 554 1722 et
577 1673 775 1723 robusti
788 1674 1024 1737 juvenes.
1073 1674 1373 1724 Tora-renim
1433 1677 1611 1741 jussus
1631 1682 1713 1724 est
1751 1689 1781 1723 a
1819 1675 2428 1746 medica—Requiescere]
2460 1681 2513 1731 A

305 1749 519 1812 pulpam
543 1750 709 1799 carnis
731 1750 1072 1799 musculosam
1098 1749 1371 1814 significat.
1447 1753 1593 1813 luxu,
1613 1750 1769 1800 nimio
1791 1751 1926 1812 cibo,
1943 1759 1997 1801 et
2019 1761 2146 1815 potu
2172 1770 2386 1804 cessare.
2437 1758 2510 1806 Id.

314 1825 467 1876 Idem.

374 1908 439 1958 87
474 1904 767 1971 Ingenium]
798 1907 1020 1971 Egregia
1039 1909 1375 1972 μυκτηρισμοῦ,

312 1981 396 2031 vel
419 1982 570 2031 soluti
588 1982 719 2031 risus
741 1983 1041 2048 descriptio.
1075 1985 1247 2035 Lubin.
1311 1984 1376 2034 Id

312 2066 417 2119 est,
439 2058 525 2107 Ita
545 2059 1084 2120 vehementerirridet
1101 2077 1162 2112 ac
1179 2061 1380 2112 cachin-

315 2142 488 2199 natur,
521 2143 580 2185 ut
613 2144 778 2186 totam
817 2151 1003 2201 corpus
1023 2138 1305 2200 concutiat,
1326 2145 1381 2189 et

318 2225 499 2260 nasum
522 2211 574 2260 in
597 2227 750 2276 rugas
772 2216 1060 2264 contrahat.
1122 2216 1382 2265 Canubon.

322 2288 422 2337 Vel
458 2287 523 2337 ad
557 2288 784 2339 habitum
808 2289 966 2353 ipsius
987 2291 1117 2340 risus
1139 2292 1387 2355 respexit,

322 2380 424 2430 quo
444 2364 571 2415 illud
591 2365 654 2414 lio
673 2366 735 2414 ha
755 2367 817 2415 ka
853 2381 990 2429 saepe
1015 2367 1238 2417 tremula
1257 2381 1386 2417 voce

322 2442 578 2531 repetitur
582 2444 796 2493 .-Naso
817 2442 1077 2508 crispante]
1132 2443 1221 2493 Ob
1259 2440 1386 2493 effu-

297 2533 437 2567 .sum
461 2519 636 2583 risum,
670 2534 793 2569 naso
830 2520 882 2569 in
917 2535 1072 2584 rugas
1099 2528 1389 2570 contracto.

327 2593 502 2644 Labie.

393 2675 460 2720 88
510 2671 715 2735 Inspice,
766 2674 873 2738 ξω]
937 2674 1238 2743 Respondet
1279 2672 1390 2736 jam

329 2747 556 2799 monitor
587 2763 678 2797 seu
706 2747 907 2812 doctor,
927 2750 1209 2813 obJectioni
1227 2750 1394 2799 vanis-

332 2824 446 2875 simi
497 2826 833 2887 centurionis,
879 2826 1233 2875 demonstrans
1275 2825 1395 2874 Phi·

331 2899 579 2962 losophiae
635 2901 860 2950 consiliis
926 2902 1211 2965 parendum
1266 2915 1397 2963 esse,

333 2976 431 3025 nisi
455 2976 569 3039 quis
584 2976 706 3025 olim
728 2977 883 3026 animi
901 2978 1095 3028 morbis
1116 2978 1398 3027 miserrime

335 3051 467 3101 velit
489 3051 660 3114 perire
677 3069 694 3101 z
729 3051 883 3117 idque
906 3068 973 3101 ex
993 3054 1257 3103 similibus.
1322 3053 1403 3102 Ut

336 3127 476 3177 enim
501 3127 630 3190 aegri
654 3128 893 3192 neglecta
913 3129 1110 3178 Medici
1133 3128 1400 3179 curatione

336 3203 620 3266 intereunt,
642 3204 718 3253 sic
743 3205 829 3254 isti
861 3205 982 3255 dum
1003 3205 1403 3270 Philosophiam,

342 3295 458 3344 qoae
483 3280 763 3330 animorum
798 3281 1070 3331 Medicina
1101 3290 1200 3345 est,
1228 3295 1402 3345 asper·

341 3364 549 3417 uantur,
592 3356 643 3405 in
693 3357 822 3407 vitia
874 3357 1173 3422 praecipites
1228 3363 1403 3418 ruunt,

344 3448 460 3499 quae
483 3432 621 3496 ipsos
643 3433 775 3483 male
795 3432 1000 3483 tandem
1024 3433 1265 3498 perdant.
1310 3435 1405 3482 Ca·

341 3507 753 3571 suth—Inspice]
786 3509 1031 3573 Explora,
1060 3508 1407 3573 perpende.—

347 3583 525 3636 Nescio
544 3584 677 3647 quid]
732 3585 918 3634 Nescio
939 3585 1005 3633 ob
1025 3598 1180 3648 quam
1202 3598 1418 3647 causamx

345 3669 531 3726 pectus
572 3661 694 3709 mihi
744 3661 959 3720 horrore
999 3660 1410 3711 concutiatur.—

352 3736 604 3801 Trepidat]
647 3737 765 3798 Vel,
785 3738 994 3787 horrore
1017 3737 1311 3787 concutitur
1343 3737 1410 3785 ob

348 3812 515 3877 frigus
546 3813 626 3861 vel
649 3812 715 3860 oh
741 3812 1092 3861 vehementem
1116 3813 1288 3861 cordis
1305 3813 1412 3875 pal-

350 3887 674 3952 pastionem.
739 3888 1164 3950 laabim—ffigris,
1184 3887 1290 3949 ξω]
1331 3887 1414 3936 AE-

353 3979 448 4028 gre
485 3963 820 4028 spirantibus,
839 3966 927 4014 vix
947 3965 1186 4081 spiritum
1224 3964 1416 4013 ducen-

357 4040 514 4092 tibus.

421 4123 485 4171 89
500 4078 817 4183 Enuperat]
870 4117 1138 4181 Abundat,
1161 4124 1419 4183 superest,

1513 1830 1577 1876 ⁹1
1616 1826 1795 1888 Tertia,
1817 1828 1924 1891 ξω]
1956 1829 2157 1880 Meton.
2180 1832 2398 1895 subjecti
2417 1848 2512 1896 pro

1451 1904 1716 1966 adjuncto,
1738 1918 1877 1966 oeger
1916 1905 2075 1953 tertia
2106 1913 2259 1955 nocte
2298 1907 2515 1957 vidit.--

1457 1981 1767 2043 Composita,
1788 1981 1893 2044 ξω]
1927 1982 1991 2031 Id
2015 1990 2113 2047 est,
2132 1985 2416 2049 mitigatas,
2431 2001 2518 2036 va-

1453 2057 1615 2118 lidas;
1647 2057 1749 2119 vel,
1771 2056 1890 2120 rite,
1912 2060 2218 2122 composite,
2247 2063 2518 2126 aequaliter

1449 2134 1559 2197 jani
1585 2134 1858 2198 palpitare,
1873 2141 1929 2184 et
1947 2136 2227 2185 moveri.-—-
2237 2137 2407 2201 Venas]
2423 2138 2519 2187 Ar·⁴

1460 2211 1703 2261 teriarum
1727 2210 1958 2275 pulsuum
2006 2212 2109 2277 vel,
2141 2226 2297 2262 venas
2328 2213 2521 2278 simpli·

1459 2288 1608 2339 citer.
1675 2288 1846 2338 Lubin.

1522 2367 1589 2413 92
1623 2365 1723 2427 De,
1742 2364 1848 2426 ξω]
1883 2365 1964 2414 Ibi
1987 2372 2231 2430 tanquam
2248 2368 2361 2430 jam
2382 2369 2521 2417 omni

1460 2441 1636 2490 morbo
1654 2438 1951 2504 profligato,
1968 2442 2151 2490 medici
2172 2443 2389 2508 ejusque
2405 2459 2524 2494 con-

1461 2517 1690 2566 siliorum
1724 2516 1936 2577 oblitus,
1960 2517 2129 2566 vinnm
2163 2518 2523 2569 Surrentinum

1464 2601 1707 2657 tanquam
1729 2593 1901 2641 mitius
1925 2599 1978 2642 et
2006 2593 2171 2642 lenius
2194 2608 2225 2642 e
2247 2595 2398 2644 domo
2421 2610 2525 2646 ma·

1456 2671 1577 2734 jore
1601 2670 1824 2733 alicujus
1846 2669 1998 2719 amici
2021 2670 2212 2729 divitis,
2239 2672 2421 2733 lagena
2443 2688 2525 2722 ea·

1465 2746 1660 2810 pacior-i
1679 2746 1777 2796 sibi
1802 2746 2029 2796 exhiheri
2054 2749 2284 2810 rogavit:
2313 2749 2526 2813 jamque

1467 2825 1532 2873 ad
1579 2824 1815 2872 balneum
1853 2824 2393 2887 properae—Mediae,
2429 2825 2540 2889 ξω]

1469 2901 1599 2952 Quae
1616 2900 1737 2963 qnia
1753 2899 2086 2949 mediocriter
2096 2899 2227 2963 sitit,
2241 2901 2355 2963 plns
2371 2900 2532 2950 etiam

1468 2976 1726 3040 aliquanto
1746 2975 1891 3039 capit
1913 2982 1969 3024 et
1989 2989 2084 3038 pro
2108 2975 2367 3039 capaciori
2390 2976 2535 3039 poni*-

1472 3059 1577 3115 tur,
1612 3057 1671 3101 et
1704 3051 2228 3116 deseribltnrlagena
2258 3054 2539 3103 mediocris

1471 3129 1794 3192 capacitatis.

1537 3210 1602 3255 9⁸
1635 3205 1833 3264 ωηο,
1870 3202 1975 3268 ξω]
2037 3204 2148 3254 Sibi
2187 3205 2253 3254 ad
2293 3204 2535 3254 balneum

1474 3281 1791 3346 properanti.
1897 3281 2039 3331 Nihil
2096 3289 2271 3331 autem
2326 3281 2536 3343 aegrotis

1474 3356 1831 3420 periculosius,
1851 3369 2005 3420 quam
2042 3356 2298 3407 balneum.
2363 3355 2537 3403 Dubia.

1475 3432 1850 3495 —SwrrentinaJ
1882 3432 2019 3481 Vina
2041 3433 2284 3497 intelligit
2306 3447 2371 3482 ex
2389 3433 2538 3481 Cam-

1478 3508 1646 3572 panias
1667 3508 1862 3571 oppido
1881 3508 2153 3572 Surrento,
2177 3508 2312 3573 quod
2338 3522 2368 3556 a
2391 3506 2539 3599 Grae-

1479 3585 1553 3634 cis
1579 3584 1859 3634 conditum.
1928 3586 2076 3633 Idm.

1546 3666 1608 3711 04
1630 3662 1765 3711 Heus
1776 3661 1891 3710 bone
1894 3663 2000 3722 ,.ξο
2003 3659 2027 3723 ]
2046 3660 2217 3710 Verba
2234 3661 2439 3723 medici,
2456 3663 2549 3727 qui
2652 3634 2661 3643 θ

1483 3754 1549 3789 ex
1573 3739 1845 3803 improviso
1861 3739 2171 3788 intervenire
2188 3739 2420 3803 fingitur,
2435 3754 2546 3790 cer-

1485 3814 1658 3865 nentis
1681 3822 1931 3879 aegrotum
1954 3829 2119 3878 secus,
2142 3830 2204 3864 ac
2219 3817 2392 3880 jussus
2415 3826 2551 3879 erat,

1485 3905 1661 3955 agere,
1705 3900 1761 3941 et
1794 3890 1977 3941 balnea
1999 3899 2053 3941 et
2076 3892 2195 3941 vina
2217 3892 2483 3944 adhibere.
2484 3921 2551 3931 ·--

1492 3968 1565 4017 Ta
1581 3967 1748 4030 palies]
1797 3969 2064 4030 AEgrotum
2103 3967 2270 4018 adhuc
2308 3982 2423 4019 esse
2462 3969 2551 4017 de-

1490 4051 1640 4094 notat
1664 4060 1729 4093 ex
1754 4043 2001 4108 adjuncto
2015 4045 2231 4109 pallore.
2234 4046 2443 4094 —Ntait
2458 4043 2559 4109 est]

1494 4120 1795 4183 Respondet
1832 4126 2075 4185 aegrotus,
2116 4138 2263 4172 suum
2303 4122 2553 4186 pallorem

354 4196 524 4263 gravis
547 4195 762 4257 halitus,
787 4202 842 4245 et
864 4196 1229 4258 graveolentia.
1291 4196 1423 4243 'lur·
1493 4210 1825 4249 excusanse-
1836 4199 2023 4260 Videas,
2073 4199 2179 4261 ξω]
2254 4195 2556 4260 Respondet

356 4270 476 4321 neb.
519 4284 684 4321 xxm.
724 4270 1071 4336 28.-—Gratis]
1135 4273 1253 4336 Vel,
1284 4270 1421 4337 quod
1497 4275 1760 4326 medicus·

1750 4312 1761 4325 .
1818 4276 2063 4329 Quamvis
2099 4276 2185 4325 hic
2218 4275 2385 4341 pallor
2408 4273 2565 4324 nihili·
