3050 4913
1156 362 2502 429 suvnmms.1197

289 517 585 595 Stephano
632 518 1009 598 Gueynardo
1056 519 1171 578 civi
1212 520 1582 600 lugdunensi,
1611 530 1737 583 arte
1777 533 1836 584 et
1863 524 2144 587 industria
2170 527 2382 587 Jacobi
2412 550 2498 621 sn.

288 618 456 679 Anno
504 614 718 674 salutis
767 616 1104 676 christianae
1161 619 1249 678 M.
1301 620 1767 697 quingentesimo
1813 622 2147 695 undecimo,
2202 624 2299 684 die
2343 642 2498 686 ΧΧΙ.

290 710 587 770 Kalendas
616 713 947 783 Octobris»,⁹
972 714 1424 792 Lugduni—fol.
1455 716 1594 774 min.
1628 726 1801 778 1511.

366 807 467 865 Nil
497 807 622 867 sere
665 809 892 869 recedit
920 828 956 869 a
983 811 1222 887 reliquis
1264 811 1659 871 Ascensianis.
1743 814 1874 873 Vid.
1908 814 1983 874 ad
2014 815 2280 895 Lugdun.
2319 824 2490 889 1498.

1314 915 1481 967 1512.

360 1001 730 1061 Ascensiaua
786 1018 878 1060 νι.
945 1000 1256 1061 Juvenal&
1308 1022 1439 1062 cum
1486 1022 1679 1065 comm.
1750 1005 2111 1067 Mandnelli
2162 1015 2219 1067 et
2276 1007 2490 1081 Radit,

281 1097 704 1176 Lugduni-4.
744 1106 916 1158 1512.

368 1194 676 1254 Extabat
660 1214 721 1252 in
750 1193 904 1254 Bibl.
938 1195 1177 1255 Patrum
1207 1196 1261 1256 S.
1292 1197 1347 1256 J.
1381 1197 1627 1257 Lovanii
1652 1197 1971 1268 divendita,
2021 1208 2084 1259 et
2110 1200 2199 1258 vel
2226 1200 2494 1280 repetitio

284 1293 535 1350 Ascens.
571 1307 631 1349 V.
643 1292 782 1361 ,vel
806 1291 1013 1351 eadem
1044 1301 1134 1352 est
1158 1292 1359 1365 editio,
1389 1313 1632 1353 numero
1661 1294 1797 1354 anni
1818 1293 2025 1355 vitiose
2048 1296 2288 1373 scripto.

369 1388 401 1417 ⁹
419 1386 451 1419 ⁴*
494 1389 724 1447 Veneta
750 1405 936 1448 xxn.
966 1392 1048 1465 (n.
1078 1393 1201 1464 50.)
1240 1391 1555 1452 Juvenum
1580 1411 1710 1452 cum
1735 1411 1931 1454 comm.
1960 1392 2062 1452 Jo.
2115 1392 2494 1466 Britannici,

282 1484 548 1544 Venetiis
580 1504 702 1573 per
743 1485 846 1546 Jo.
881 1485 1202 1547 Tacuinum
1242 1487 1314 1548 de
1368 1489 1626 1551 Tridino
1653 1490 1749 1551 die
1794 1507 2005 1551 xvxu.
2050 1491 2493 1569 Augusti—fol.

285 1589 467 1641 1512.

367 1678 466 1738 cf.
496 1679 573 1739 ad
606 1679 767 1739 Brix:
805 1680 977 1741 1486.
1044 1680 1282 1741 Titulus
1319 1682 1455 1742 libri
1481 1692 1610 1743 est:
1657 1692 1675 1718 ‘
1697 1682 1910 1746 Junius
1937 1684 2253 1743 Juvenalis.
2324 1687 2494 1763 Opus

285 1774 529 1853 quidem
558 1774 845 1846 divinum,
888 1785 1057 1835 antea
1098 1776 1515 1855 impressorum
1557 1778 1698 1838 vitio
1742 1787 1979 1851 tetrum,
2022 1799 2292 1839 mancum
2323 1791 2382 1840 et
2409 1781 2497 1839 iu-

281 1873 464 1942 utile3
511 1891 670 1931 nuno
696 1882 892 1931 autem
918 1892 952 1931 a
982 1873 1101 1933 viro
1130 1873 1280 1934 bene
1308 1875 1491 1934 docto
1515 1875 1902 1954 recognitum,
1931 1874 2203 1955 adeoque
2228 1875 2493 1955 diligenti

283 1983 669 2061 castigatione
716 1983 1039 2054 excultum,
1102 1993 1167 2044 ut
1211 2004 1283 2042 ne
1327 1994 1608 2062 punctae,
1667 1986 1859 2060 coifia,
1906 2007 2007 2047 seu
2050 1987 2495 2066 interrogatiun-

282 2081 437 2150 cula,
469 2100 613 2139 cum
643 2081 700 2139 in
728 2088 917 2150 textu,
968 2090 1090 2140 tum
1120 2081 1181 2140 in
1225 2092 1561 2142 commento
1589 2083 1847 2155 deficiat,
1874 2095 1941 2145 ut
1967 2085 2138 2144 facile
2164 2085 2493 2163 legentibus

281 2177 483 2238 videre
511 2186 627 2237 est.
712 2177 1022 2237 Scribente
1046 2179 1271 2238 Joanne
1300 2180 1659 2253 Britannico,
1706 2181 1831 2241 viro
1872 2181 2279 2242 eruditissimo.
2363 2185 2494 2244 Una

281 2294 417 2333 cum
447 2273 655 2352 figuris
684 2274 802 2332 suis
830 2273 974 2333 locis
1002 2285 1142 2353 apte
1170 2275 1479 2353 dispositi&
1548 2278 1676 2337 Nec
1705 2297 1823 2337 non
1848 2278 2268 2357 elegantissima
2296 2280 2494 2340 tabula

280 2372 515 2430 noviter
541 2370 750 2441 revisa,
801 2391 936 2449 quae
984 2372 1179 2430 omnia
1223 2372 1550 2432 secundum
1597 2372 1903 2451 alphabeti
1950 2373 2209 2433 ordinem
2248 2374 2491 2437 mirifice

281 2469 746 2547 complectitur?
827 2471 974 2529 Haec
1024 2469 1229 2529 tabula
1272 2479 1362 2530 est
1407 2471 1584 2530 index
1638 2472 1951 2531 verborum
2007 2472 2491 2544 memorabilium,

280 2577 499 2642 prater
546 2585 724 2643 quem
773 2566 949 2627 etiam
992 2566 1315 2626 Britannici
1364 2568 1610 2646 epistola
1660 2566 1735 2626 ad
1783 2569 2059 2628 Senatum
2086 2567 2493 2646 populumque

280 2662 645 2732 Brixianum,
692 2662 957 2740 ejusdem
1004 2664 1426 2724 Annotationes
1476 2664 1748 2743 quaedam
1794 2664 1852 2723 in
1891 2665 2138 2723 Asinum
2169 2663 2406 2741 Apuleii
2432 2674 2496 2725 et-

282 2759 494 2837 Sylvas
524 2757 720 2828 Statii,
749 2765 904 2835 (nam
937 2761 1044 2818 bos
1072 2760 1254 2819 libros
1284 2776 1398 2820 una
1426 2779 1564 2819 cum
1581 2761 1615 2819 J
1621 2761 1860 2820 uvenale
1883 2760 2264 2820 constituerat
2292 2759 2488 2830 edere,

285 2855 386 2914 sed
435 2865 453 2890 ‘
473 2855 831 2914 instantibus
859 2851 1299 2935 impressoribus
1329 2857 1536 2934 majori
1564 2858 1739 2936 hujus
1765 2857 1978 2917 laboris
2005 2866 2170 2936 parte
2201 2875 2263 2916 se
2289 2876 2490 2934 super·

285 2949 534 3011 sedisse'
562 2955 789 3025 monet)
814 2952 1003 3011 brevis
1032 2952 1352 3032 disputatio
1379 2953 1454 3012 de
1482 2953 1706 3032 Satyra,
1735 2962 1796 3013 et
1813 2952 1931 3013 vita
1944 2954 1978 3012 J
1984 2952 2261 3022 iuvenalis,
2291 2959 2487 3030 poetoe

283 3059 344 3107 et
369 3048 793 3107 commentario
820 3047 1077 3126 praefixae
1107 3060 1264 3109 suut.

360 3146 391 3176 ⁹
411 3149 442 3179 ⁹
484 3144 849 3204 Ascensiana
877 3160 1000 3203 vn.
1028 3149 1110 3222 (n.
1141 3143 1269 3218 65.)
1296 3142 1620 3215 Juvenalis,
1667 3145 1894 3204 Parisiis
1924 3146 1987 3205 in
2018 3143 2246 3205 oedibus
2267 3142 2483 3205 Ascen-

281 3243 616 3300 82'081'8--8-
659 3248 830 3300 1512.

364 3337 503 3397 vid.
532 3355 666 3413 sup.
697 3336 775 3394 ad
805 3340 1052 3398 Ascens.
1085 3354 1195 3397 111.
1237 3337 1419 3397 Paris.
1457 3344 1629 3399 1505.
1696 3337 1921 3398 Collata
1963 3347 2053 3398 est
2099 3356 2134 3396 a
2185 3336 2486 3396 Maittario

284 3435 344 3493 in
369 3433 467 3493 ed.
500 3432 698 3493 Lond.
736 3431 907 3500 1716.
982 3479 987 3488 .

1301 3536 1475 3592 1513.

358 3626 627 3687 Juntina.
666 3625 972 3686 Juvenum
998 3634 1053 3686 et
1101 3626 1366 3699 Persium,
1416 3626 1726 3687 Florentiae
1775 3628 2035 3708 impensa
2081 3626 2368 3706 Philippu·
2411 3626 2478 3688 dn·

285 3707 660 3767 Ginaia—8.
706 3714 883 3766 1513.

359 3805 510 3883 Ejus
532 3803 849 3862 meminere
876 3804 1097 3862 Bauer
1083 3823 1139 3861 m
1166 3803 1318 3864 Bibl.
1340 3803 1469 3862 libr.
1494 3802 1777 3862 rariorum
1804 3802 1878 3862 T.
1900 3819 1977 3861 11.
2002 3822 2062 3880 p.
2088 3801 2224 3862 216.
2254 3804 2485 3865 Goetze

286 3900 339 3958 in
362 3898 971 3977 Merkwiirdigkeiten
1020 3900 1125 3958 der
1170 3898 1461 3959 Dresdner
1489 3897 1821 3958 Bibliotbek
1863 3917 1923 3975 p.
1972 3906 2102 3966 173.
2148 3918 2207 3958 n.
2240 3907 2375 3961 213.
2425 3910 2489 3959 et

290 3997 471 4056 Catal.
503 3996 663 4055 Bibl.
691 3997 748 4055 J.
781 3997 856 4054 A.
885 3995 1114 4054 Ernesti
1142 3995 1294 4072 Lips.
1332 4002 1504 4062 1782.
1535 3992 1785 4053 venditae
1813 4012 1875 4071 p.
1911 4003 2041 4054 188.
2124 3994 2261 4065 Sed,
2319 3993 2483 4072 quod

288 4091 476 4169 doleo,
515 4095 791 4166 nondum
822 4093 1134 4171 quisquam
1162 4090 1293 4166 fuit,
1336 4091 1439 4168 qui
1464 4090 1734 4151 criticum
1761 4090 1892 4167 ejus
1922 4110 2090 4150 usum
2118 4090 2481 4168 exquireret:
2565 4086 2574 4091 ’
