3050 4913
1211 408 1376 458 SATl
1389 409 1495 457 RA-
1539 408 1640 456 IV.-

2400 394 2530 469 105

319 552 596 620 Caecum
622 552 863 617 vulnus
887 551 1128 616 habes:
1173 548 1292 613 sed
1319 551 1459 613 lato
1488 549 1750 613 balteus
1778 566 1940 613 auro

318 654 676 736 Praetegit:
723 660 797 718 ut
822 652 1063 730 maviS,
1095 651 1185 716 da
1210 652 1436 729 verba,
1467 659 1538 715 et
1563 649 1802 735 decipe
1830 670 2090 729 nervosi,

731 760 750 789 ‘
776 753 1130 837 Egregium
1158 772 1309 818 cum
1338 772 1443 815 me
1473 752 1719 816 vicinia
1749 751 1950 830 dicat,

315 755 395 821 Si
426 762 642 840 poten.

320 858 482 924 Non
511 858 778 923 credam
793 856 845 921 'l'
930 856 1128 935 Vise,
1174 857 1234 920 si
1262 855 1495 940 pallea,
1525 854 1847 939 improbe,
1869 875 2182 937 numm03

318 1054 582 1116 objicimus.
657 1054 772 1104 Vita
791 1054 876 1102 hoc
898 1056 1032 1102 modo
1049 1054 1335 1103 traducitur.
1405 1054 1485 1103 Ita
1505 1053 1694 1102 sobnas.
1763 1053 1863 1102 Sub
1900 1054 2043 1102 ilibus
2075 1056 2270 1117 plagam
2303 1053 2530 1102 occultam

311 1121 466 1182 geris,
484 1121 566 1168 sed
589 1133 700 1167 eam
723 1135 801 1167 coo

799 1119 925 1181 perit
948 1119 1128 1167 balteus
1146 1134 1260 1167 auro
1282 1119 1451 1181 amplo.
1519 1118 1659 1167 Sicut
1686 1119 1855 1167 melius
1874 1119 2088 1178 duxeris,
2111 1119 2314 1182 impone,
2335 1124 2383 1166 et
2406 1116 2530 1177 falle

318 1186 462 1249 eires,
474 1185 721 1233 dummodo
736 1183 788 1232 id
805 1198 962 1247 queas.
1020 1183 1230 1241 Atenim
1247 1187 1432 1247 quando
1453 1182 1598 1232 cicini
1609 1197 1681 1232 me
1691 1184 1973 1247 proeclaran
1986 1183 2269 1247 praedicant,
2281 1181 2528 1247 numquid

1319 1386 1533 1438 No'rAE

316 1520 592 1571 habemus:
622 1516 734 1583 jam
752 1526 806 1569 te
830 1520 970 1569 intus
994 1524 1049 1569 et
1071 1520 1121 1568 in
1149 1526 1271 1568 cute
1297 1534 1381 1569 no·

316 1597 503 1645 vimus.

384 1671 504 1735 uia]
559 1671 643 1722 Ab
657 1673 757 1722 ileo
772 1673 1017 1722 intestiuo
1033 1673 1123 1723 itia
1139 1672 1383 1722 dicuutur

319 1763 433 1797 ossa
465 1748 568 1797 duo
603 1749 757 1797 imum
785 1755 1020 1797 ventrem
1043 1749 1160 1797 hinc
1181 1755 1236 1797 et
1262 1747 1382 1797 inde

315 1824 614 1874 attinentia.
687 1824 780 1873 His
817 1825 974 1873 etiam
1009 1822 1184 1874 affines
1210 1830 1383 1888 partes

319 1900 580 1964 utrimque
605 1901 840 1948 laterales
860 1899 996 1948 iliam
1019 1900 1221 1949 nomine
1244 1914 1384 1964 saepe

318 1975 695 2038 intelliguntur.
779 1976 882 2026 Hic
923 1990 1045 2024 vero
1090 1990 1183 2040 per
1222 1985 1384 2026 meta-

316 2053 550 2114 phoram,
573 2053 658 2101 ilia
681 2050 976 2117 significant
999 2052 1205 2102 intimos
1228 2053 1382 2102 animi

321 2141 570 2177 recessus.

380 2207 445 2252 44
485 2206 671 2253 Coecum
703 2205 866 2253 valnas
901 2204 1064 2267 habes]
1133 2205 1381 2255 Conscius

319 2280 413 2329 tibi
437 2294 494 2329 es
519 2281 1113 2343 multarum-libidinum,
1138 2282 1380 2345 plurium-

317 2371 420 2421 que
441 2358 695 2406 scelerum
711 2357 843 2406 clam
869 2364 1303 2422 perpetratorum.

384 2432 483 2483 Sed
502 2434 599 2482 lato
611 2433 790 2483 balteus
804 2448 922 2483 auro
937 2433 1189 2498 praetegit]
1235 2434 1382 2483 Sum-

315 2525 432 2571 =runs
490 2510 666 2560 Romae
711 2510 1045 2574 Principatus
1102 2509 1268 2573 legum
1327 2515 1381 2558 te

320 2593 465 2634 metu
488 2585 686 2645 eximit,
709 2598 874 2649 eoque
908 2593 961 2632 te
985 2583 1049 2633 ad
1074 2596 1225 2633 omne
1256 2581 1383 2632 faci-

315 2676 413 2710 nus
456 2660 783 2710 audaciorem
826 2659 974 2709 facit.
1060 2660 1293 2709 Allusum
1315 2660 1381 2709 ad

315 2736 744 2786 consuetudinem
784 2736 1139 2786 Gladiatorium
1175 2736 1263 2800 qui
1298 2750 1382 2784 ac·

319 2822 531 2877 ceptum
555 2813 606 2861 in
627 2827 783 2862 arena
803 2814 987 2861 vulnus
1013 2820 1190 2877 tegere
1211 2814 1383 2863 balteo

315 2890 636 2950 nitebantur,
691 2899 747 2941 et
799 2896 1153 2954 spectatorum
1207 2890 1385 2938 oculos

317 2967 520 3016 fallere.
583 2967 668 3016 lta
685 2973 886 3016 veteres
904 2967 1126 3016 Glossae.
1196 2967 1381 3029 Neque

318 3044 619 3093 dissentiam
645 3059 675 3092 a
697 3045 1020 3102 casaubono,
1059 3041 1147 3106 qui
1185 3041 1384 3104 pariter

317 3121 429 3169 vult
456 3120 686 3168 Persium
720 3106 955 3167 babuisse
979 3117 1032 3165 in
1057 3117 1226 3165 animo
1247 3116 1381 3165 ictus

316 3202 372 3245 et
399 3197 613 3244 vulnera
647 3193 840 3244 Neroni
866 3191 1063 3242 inflicta
1086 3205 1177 3256 per
1200 3193 1378 3240 urbem

317 3280 476 3320 noctu
503 3272 799 3333 petulanter
816 3269 1043 3331 vaganti,
1067 3276 1123 3317 ut
1141 3276 1220 3317 est
1241 3266 1379 3331 apud

315 3349 530 3398 Sueton.
555 3361 603 3395 c.
627 3351 709 3396 26.
735 3355 799 3396 et·
812 3345 1054 3397 Tacitum
1079 3343 1267 3393 Annal.
1290 3343 1377 3392 lib.

318 3437 442 3473 xtu-
462 3424 595 3472 adeo
615 3430 672 3471 ut
684 3422 953 3472 cicatrices
969 3422 1128 3470 etiam
1147 3433 1236 3469 ore
1253 3435 1380 3483 prae-

320 3500 520 3549 tulerit.

383 3578 505 3626 lato
546 3577 725 3625 balteus
762 3574 900 3637 auro]
975 3574 1171 3623 Balteus
1203 3573 1381 3637 cingu-

314 3655 421 3705 lum
443 3663 526 3704 est
547 3655 770 3703 militare
792 3668 821 3702 e
843 3653 984 3702 corio
1007 3652 1211 3711 bubulo,
1231 3667 1261 3701 e
1277 3668 1380 3717 quo

317 3745 460 3781 arma
503 3732 815 3793 dependent.
883 3729 1246 3791 metaphorice
1294 3744 1382 3791 po-

318 3808 458 3857 nitur
481 3822 576 3871 pro
599 3806 856 3868 dignitate
877 3812 934 3855 et
957 3806 1208 3869 potentia.
1264 3806 1382 3854 Lati

319 3893 465 3934 certe
508 3891 659 3933 eraut
703 3883 964 3933 veteribus
1009 3883 1196 3941 baltei3
1252 3897 1380 3946 qnos

318 3970 536 4025 argento
570 3964 789 4009 decoros
835 3960 981 4008 aiunt
1026 3958 1183 4007 fuisse
1221 3960 1377 4008 etiam

316 4038 596 4104 gregariis:
635 4039 810 4086 Duces
828 4042 1001 4086 autem
1026 4043 1082 4086 et
1109 4035 1379 4099 Principes

314 4116 478 4165 multo
501 4114 780 4180 gestabant
815 4127 959 4175 auro,
995 4111 1268 4176 multisque
1292 4125 1379 4160 au·

316 4193 414 4242 reis
437 4191 592 4239 bullis
615 4189 892 4240 distinctos
908 4203 968 4238 ac
987 4187 1377 4252 praefulgentes.

312 4269 499 4336 virgil.
548 4265 746 4318 AEueid.
771 4272 821 4316 5.
887 4254 1054 4317 ‘Lato
1089 4280 1243 4332 quam
1275 4265 1373 4314 cir-

1464 1534 1580 1569 cum
1622 1515 1959 1583 amplectitur
1982 1532 2110 1568 auro
2141 1515 2393 1567 Balteus!
2460 1516 2530 1564 Et

1463 1596 1666 1646 AEneid.
1694 1600 1771 1645 12.
1835 1596 2081 1645 ‘Balteus
2106 1604 2162 1643 et
2200 1593 2332 1642 notis
2375 1590 2528 1641 fulse-

1463 1680 1583 1723 runt
1621 1673 1832 1736 cingula
1866 1671 2019 1721 bullis
2055 1669 2310 1719 Pallantis
2344 1668 2528 1733 pueri!

1466 1749 1603 1798 Vide
1627 1749 1780 1798 Alex.
1804 1748 1869 1797 ab
1893 1747 2044 1796 Alex.
2068 1746 2157 1795 lib.
2182 1759 2243 1793 11.
2266 1759 2385 1809 cap.
2411 1748 2494 1793 29.

1527 1829 1591 1874 45
1631 1826 1698 1874 Ut
1714 1825 1955 1885 matis,da
1969 1822 2133 1886 verba]
2168 1823 2306 1884 Ergo
2320 1821 2529 1884 impone

1464 1901 1600 1963 aliis,
1620 1909 1867 1965 quantum
1905 1899 2135 1960 libuerit,
2178 1898 2289 1946 imo·
2316 1902 2372 1945 et
2412 1896 2526 1945 tibi.

1463 1979 1544 2026 Te
1593 1992 1772 2027 sanum
1823 1985 1878 2026 et
1929 1976 1995 2025 ad
2048 1975 2216 2025 omnia
2266 1974 2527 2022 valentem

1465 2054 1644 2115 crede,
1680 2061 1736 2103 et
1764 2054 1933 2117 jacta:
1970 2052 2294 2115 adjuvabunt
2315 2064 2417 2099 non
2442 2063 2529 2112 pa-

1466 2144 1577 2177 rum
1603 2128 1913 2178 adulatores.
1983 2129 2166 2177 Horat.
2202 2127 2294 2178 lib.
2320 2141 2360 2177 1.
2384 2127 2528 2176 satir.

1461 2211 1513 2256 4.
1578 2207 1593 2233 ¹
1612 2207 1688 2255 Ut
1710 2206 1871 2254 mavis
1894 2204 2127 2254 imitare!

1528 2282 1707 2345 Decipe
1727 2292 1910 2341 aneos,
1926 2281 1970 2329 si
1985 2280 2141 2343 potes]
2197 2279 2351 2327 Vires
2371 2278 2529 2328 etiam

1464 2365 1580 2408 tuas
1614 2358 1843 2421 Imperio
1881 2355 2097 2406 ferendo
2134 2370 2286 2420 pares
2309 2354 2528 2413 aestima,

1462 2434 1505 2483 si
1527 2440 1698 2483 tamen
1720 2441 1868 2497 potes
1896 2433 2129 2483 ultricem
2158 2431 2528 2482 conscientiam

1462 2510 1665 2573 fallere,
1703 2511 1970 2573 indignum
2016 2515 2067 2557 te
2109 2507 2412 2569 Principatu
2442 2507 2531 2555 ob-

1451 2587 1759 2651 jectantem.
1827 2586 1965 2635 Cave
1989 2598 2053 2631 ne
2090 2582 2307 2630 imiteris
2330 2595 2419 2630 eos
2440 2581 2529 2645 qui

1462 2665 1620 2714 nimio
1644 2671 1770 2728 potu
1804 2678 1866 2712 ac
1903 2663 2107 2711 Venere
2127 2665 2424 2710 contractos
2447 2673 2528 2707 ar-

1464 2741 1709 2790 ticulares
1730 2739 1932 2787 morbos
1950 2736 2050 2786 etsi
2070 2731 2529 2796 dissimulantjater·

1465 2829 1641 2865 vorum
1664 2823 1838 2864 tamen
1857 2813 2175 2863 debilitatem
2202 2810 2450 2873 sentiunt,
2472 2818 2530 2859 et

1462 2894 1692 2943 dolorem
1739 2893 2022 2956 patiuntur.
2121 2891 2308 2938 Horat.
2354 2887 2444 2938 lib.
2489 2901 2528 2938 1.

1461 2972 1616 3035 epist.
1644 2975 1723 3019 16.
1789 2974 1805 2998 ‘
1825 2970 1943 3019 Neu
1967 2969 2008 3018 si
2032 2975 2083 3017 te
2110 2968 2327 3031 populus
2347 2981 2528 3016 sanum

1462 3055 1709 3110 recteque
1734 3046 1987 3094 valentem
2008 3045 2255 3104 Dictitet,
2272 3045 2529 3094 occultam

1459 3121 1659 3170 febrem
1675 3121 1770 3170 snb
1787 3128 1988 3184 tempus
2001 3120 2188 3170 edendi
2205 3121 2530 3179 Dissimules',

1461 3198 1626 3247 donec
1671 3198 1904 3247 manibus
1944 3211 2080 3245 mors
2112 3195 2308 3244 ineidat
2342 3195 2529 3245 unctis.

1459 3273 1746 3323 Stultorum
1787 3274 2022 3322 incurata
2057 3272 2225 3336 pudor
2262 3273 2425 3321 malus
2458 3272 2531 3320 ul·

1461 3365 1581 3399 cera
1604 3350 1774 3399 celat!

1524 3431 1592 3476 46
1629 3426 1889 3488 Egregium
1921 3439 2026 3474 nm
2063 3440 2136 3473 me
2168 3423 2342 3472 vicinia
2381 3423 2527 3485 dicat,

1459 3503 1563 3566 ξω]
1618 3501 1920 3565 Respondet
1943 3499 2263 3559 Alcibiades,
2283 3505 2370 3547 aut
2382 3500 2527 3548 Nero

1461 3580 1709 3628 adversus
1754 3578 2147 3640 objurgantem:
2205 3575 2366 3638 Atqui
2422 3590 2525 3625 non

1461 3671 1559 3720 ego
1601 3671 1684 3704 me
1729 3669 1859 3702 unus
1907 3655 2095 3702 bonum
2133 3666 2194 3700 ac
2235 3651 2526 3713 sapientem

1462 3734 1609 3781 dico:
1645 3746 1709 3779 en
1726 3729 1880 3777 vicini
1897 3735 1949 3777 et
1965 3729 2049 3777 alii
2065 3730 2203 3776 ultro
2218 3726 2527 3790 praedicant.

1461 3810 1568 3858 Cur
1586 3822 1685 3855 nou
1711 3804 1952 3854 credam?
1988 3805 2058 3852 Et
2080 3816 2238 3866 quare
2256 3814 2528 3870 suspectos

1459 3884 1660 3934 habebo
1696 3890 1801 3929 tam
1838 3880 1969 3929 bene
2002 3880 2068 3928 de
2092 3894 2173 3928 me
2187 3879 2525 3943 judicantes?

1465 3960 1651 4008 Horat.
1694 3958 1807 4006 loco
1848 3970 1966 4003 mox
2006 3955 2198 4004 citato:
2251 3962 2307 4003 et
2348 3955 2435 4002 lib.
2462 3969 2526 4004 ιι.

1460 4037 1617 4087 Satir.
1640 4043 1688 4085 5.
1754 4035 1770 4061 ‘
1791 4033 2014 4096 Egregie
2038 4030 2234 4098 facturn
2257 4030 2434 4079 laudet
2457 4030 2528 4079 vi-

1460 4117 1622 4163 cruia!

1521 4193 1586 4237 47
1629 4188 1737 4237 Viso
1780 4189 1823 4235 si
1859 4186 2023 4249 palles,
2061 4182 2167 4248 qu]
2241 4181 2525 4242 Redarguit

1456 4266 1796 4331 Philosophus
1813 4271 1903 4318 aut
1914 4262 2385 4313 PersinsNeronem
2403 4274 2415 4306 ε
2431 4258 2524 4311 ·Αι
