3050 4913
526 398 660 463 196

528 574 638 608 rum
663 562 752 606 aut
775 555 1022 605 malorum
1045 551 1366 607 Ροέὲιιιιιιιιιιι,
1387 545 1595 612 judicio

527 635 763 684 standum
809 638 962 696 putas
1011 633 1303 691 magnatum
1344 625 1595 673 Romano-

528 725 641 760 rum
664 726 678 771 3
699 708 868 758 idonei
893 707 1028 756 enim
1062 704 1238 754 tatium
1253 702 1457 766 judices
1492 714 1594 748 non

530 790 667 835 sunt.
705 782 967 833 Corduben.
1035 779 1266 829 Lubinns
1309 782 1480 826 antem
1523 774 1598 822 di-

530 861 606 912 cit
623 875 733 910 esse
751 860 965 909 verbum
991 856 1139 907 amici
1164 854 1450 913 monitoris,
1474 853 1596 900 Pcr-

527 939 660 988 sium
704 935 1030 999 corrigentis,
1062 932 1201 998 quod
1239 930 1307 980 ob
1339 928 1596 992 judicium

534 1015 881 1065 Romanorum
928 1009 1221 1075 perturbari
1255 1022 1356 1055 non
1390 1004 1598 1054 debeat.

535 1089 745 1140 Turbida
790 1086 963 1149 Romu]
1035 1083 1329 1147 Praecipitis
1391 1086 1447 1130 et
1489 1093 1601 1128 cor-

530 1168 675 1232 rupti
703 1180 900 1215 sensus.
938 1161 1145 1212 Far-nub.

595 1246 628 1290 6
666 1239 851 1302 Elecet]
906 1235 1227 1302 Ἐκφαυλίζει,
1270 1232 1598 1294 floccifaciat,

532 1318 892 1385 parvipendat,
937 1317 1020 1365 vel
1056 1316 1123 1364 ad
1151 1314 1340 1377 sydera
1365 1313 1600 1361 tollat.—

532 1393 762 1456 Accedoes]
818 1391 1155 1452 Assentiaris,
1205 1402 1302 1438 nec
1336 1396 1389 1437 te
1424 1388 1599 1450 iniquo

533 1472 874 1520 Romanorum
906 1467 1109 1531 judicio
1144 1463 1456 1514 censendum
1480 1462 1600 1510 sub-

520 1546 695 1616 jicias.
731 1539 1420 1603 Furaab.—Exameure,4·c.]
1469 1540 1604 1587 Exa-

538 1637 655 1672 men
679 1627 758 1671 est
782 1621 970 1684 lingua,
994 1619 1074 1667 vel
1095 1619 1270 1679 linum,
1288 1616 1423 1682 quod
1448 1615 1605 1665 medi-

535 1712 618 1746 am
664 1697 864 1745 hastam
908 1695 972 1744 ad
1015 1694 1248 1758 pondera
1285 1690 1605 1756 adaequanda

535 1779 699 1824 tenet.
769 1772 1041 1836 Castigare
1088 1777 1259 1820 antem
1302 1775 1382 1818 est
1437 1767 1602 1839 digito

531 1850 714 1900 libram
748 1856 1046 1913 percutere,
1090 1855 1149 1896 ut
1190 1851 1525 1910 temperetur,
1547 1854 1603 1894 ct

534 1940 645 1989 prae
689 1924 973 1988 agitatione
1008 1930 1129 1987 post
1165 1937 1368 1986 aequum
1392 1920 1604 1986 conqui-

540 2008 701 2052 escat.
767 2001 988 2051 Trutina
1005 2014 1125 2048 vero
1144 2007 1226 2049 est
1245 1997 1495 2058 foramen,
1528 1997 1603 2046 in-

544 2086 624 2128 tra
647 2077 784 2143 quod
809 2085 892 2127 est
932 2075 1140 2140 lingula,
1172 2074 1236 2123 de
1273 2091 1374 2138 qua
1413 2074 1604 2123 exami-

537 2155 679 2204 natio
702 2161 799 2203 est.
875 2154 979 2203 Vel.
1002 2151 1473 2209 Sck.-Examenve,
1499 2151 1605 2215 afa]

535 2230 658 2281 Alia
682 2230 832 2279 ratio.
901 2228 1055 2281 Quod
1097 2226 1285 2275 malum
1331 2225 1395 2274 de
1430 2226 1603 2289 aliquo

524 2308 778 2374 judicium
802 2322 904 2356 non
925 2304 1168 2355 aestimari
1193 2303 1385 2352 debeat
1401 2317 1467 2350 ex
1489 2317 1602 2351 sen-

535 2385 702 2435 tentia
725 2382 902 2448 populi
930 2381 1166 2431 Romani.
1236 2379 1312 2428 Eo
1332 2378 1469 2443 quod
1491 2379 1603 2441 ejus

536 2462 751 2523 trutina,
771 2463 867 2511 hoc
891 2466 989 2521 est,
1023 2456 1336 2508 examinatio
1374 2464 1428 2506 et
1469 2456 1602 2505 ratio

536 2539 588 2588 in
625 2537 910 2602 judicando
951 2535 1223 2584 admodum
1262 2549 1422 2597 prava
1452 2533 1604 2582 sit.—

537 2616 827 2673 Examenve,
867 2613 975 2675 ξω]
1032 2612 1251 2661 Ponitur
1276 2626 1370 2674 pro
1393 2610 1605 2674 inquisi-

538 2692 697 2755 tione,
731 2692 1095 2754 aestimatione,
1133 2698 1189 2739 ct
1221 2688 1436 2752 judicio.
1506 2689 1603 2737 Est

535 2769 670 2818 enim
720 2770 937 2817 &omen
969 2767 1113 2816 stitus
1136 2766 1219 2814 vel
1243 2766 1434 2829 lingula
1454 2764 1602 2813 librae

536 2844 588 2895 in
631 2842 803 2893 medio
848 2858 1028 2907 scapo,
1074 2842 1209 2891 unde
1253 2841 1387 2890 binae
1425 2841 1602 2890 lances

537 2934 799 2984 atrapens-ui
857 2919 922 2967 ad
980 2918 1215 2982 pondera
1267 2914 1600 2981 coa-quanda.

542 2996 744 3046 Trutiua
767 3002 937 3045 autern
963 3002 1043 3043 est
1080 2994 1355 3056 oblongum
1375 2991 1499 3040 illud
1525 2989 1603 3039 fo-

536 3087 738 3134 ramen,
774 3073 911 3121 intra
946 3070 1081 3135 qnod
1121 3069 1290 3132 vergit
1314 3069 1524 3130 lingula,
1549 3076 1605 3118 et

536 3148 589 3197 in
636 3163 737 3213 quo
787 3145 1033 3196 foramine
1088 3160 1236 3209 aequa
1289 3143 1605 3193 examinatio

535 3223 888 3288 cognoscitur.
957 3221 1176 3269 Ponitur
1218 3229 1388 3268 autem
1421 3218 1606 3268 trutina

537 3314 633 3364 pro
657 3299 878 3347 veritate
901 3305 955 3345 et
982 3296 1193 3346 ratione.
1260 3294 1455 3357 Insigni
1480 3309 1604 3357 ergo

538 3377 839 3441 metaphora
860 3375 1097 3436 judicium
1129 3371 1530 3437 significan—Iu
1547 3374 1603 3421 il·

536 3455 605 3514 lu,
629 3451 736 3515 dnn]
771 3450 832 3500 In
853 3463 1088 3499 sermone
1106 3456 1161 3496 et
1182 3447 1523 3496 aestimatione
1547 3454 1603 3497 et

536 3544 754 3581 censura
796 3527 975 3593 populi
1009 3525 1242 3588 Romani,
1284 3531 1527 3586 tanquam
1550 3523 1601 3571 in

536 3609 752 3657 trutina.

600 3689 628 3733 7
669 3681 909 3745 castiges]
936 3679 1217 3739 Emendes,
1232 3676 1480 3740 corrigas.
1509 3674 1606 3725 Est

536 3759 674 3808 enim
716 3760 969 3820 castigare,
1012 3755 1174 3820 digito
1209 3754 1391 3802 libram
1425 3766 1605 3815 percn-

536 3839 672 3893 tere,
696 3841 754 3882 ut
778 3839 1117 3895 temperetur,
1139 3838 1195 3879 et
1219 3836 1338 3892 post
1367 3828 1603 3890 agitatio-

534 3924 653 3964 nem
677 3910 1034 3973 conquiescat,
1052 3913 1111 3955 ut
1135 3912 1316 3969 postea
1336 3903 1603 3969 aequalitas

536 3989 853 4041 innotescat.
918 3988 982 4037 Id
1006 3994 1105 4046 est,
1139 3987 1404 4038 ‚indicium
1440 3983 1605 4032 nostri

534 4080 636 4116 non
682 4063 999 4113 metiendum
1045 4078 1110 4112 ex
1157 4056 1398 4126 opinione
1445 4060 1602 4121 vulgi.

534 4142 708 4192 --Nec
724 4140 906 4203 te,85c.]
940 4140 1036 4187 Est
1059 4145 1230 4190 autem
1266 4137 1447 4186 ultima
1472 4134 1604 4184 ratio

538 4215 879 4280 Apodoscos..
944 4214 1096 4266 Quod
1140 4212 1301 4276 nostri
1348 4209 1606 4273 judicium

539 4307 641 4344 non
663 4291 715 4342 in
738 4291 869 4354 aliis,
891 4289 983 4341 sed
1008 4291 1063 4346 in
1086 4288 1253 4353 nobis,
1272 4285 1608 4359 quaerendum

1219 403 1436 453 NOTAE
1489 398 1890 449 VAmoRUM
1941 395 2020 444 IN

1669 543 1758 593 sit.
1826 541 1889 591 m
1913 547 2014 601 est,
2055 537 2176 588 Noli
2190 532 2442 601 judicium
2467 531 2532 581 de
2560 538 2616 580 te
2651 543 2742 579 ex-

1673 619 1923 679 trinsecus
1943 628 2194 680 quaerere.
2259 616 2275 640 ‘
2298 610 2476 674 Atque
2517 607 2636 656 aliis
2676 608 2744 655 de

1673 703 1745 757 te,
1765 710 1916 759 qnam
1939 701 1992 741 tu
2018 691 2111 742 tibi
2132 688 2350 738 credere
2370 684 2509 743 noii‚’
2541 692 2603 732 ut
2622 695 2743 730 cnm

1672 770 1895 820 Horatio
1918 770 2114 830 loquar.
2131 760 2533 813 &binum—Nec
2545 763 2600 805 te
2613 773 2744 819 φατ-

1668 846 1861 909 nicer-is]
1885 846 1917 896 J
1924 843 2092 893 udicia
2113 839 2292 905 populi
2315 840 2461 887 Rom.
2481 833 2746 898 rejicienti

1672 923 1871 983 Persio,
1895 919 2052 984 objici
2074 922 2301 981 poterat,
2322 913 2436 978 quis
2454 913 2556 960 erit
2575 909 2744 972 igitur

1673 1000 1836 1049 cuite
1879 999 2089 1063 placere
2131 992 2374 1043 studeas?
2435 987 2745 1052 Respondet

1672 1076 1750 1125 his
1775 1075 1984 1124 verbis:
2018 1073 2181 1132 Tune,
2220 1067 2407 1132 inquit,
2441 1080 2523 1113 me
2558 1066 2638 1113 vis
2671 1078 2744 1112 ex.

1671 1152 1883 1201 aliorum
1894 1149 2109 1214 judiciis
2130 1146 2388 1211 pendere?
2409 1158 2507 1207 ego
2528 1156 2654 1190 vero
2670 1141 2744 1188 de

1672 1244 1754 1278 me
1778 1236 1833 1277 et
1856 1227 2002 1287 meis,
2036 1226 2162 1275 alios
2185 1237 2286 1272 non
2306 1221 2534 1279 consulo,
2555 1231 2765 1278 verum⁸

1673 1312 1839 1374 ipsum
1863 1323 1944 1356 me
1967 1325 1979 1356 ε
2032 1304 2169 1370 quod
2192 1308 2248 1352 et
2274 1309 2346 1361 tu,
2367 1299 2408 1347 si
2433 1298 2515 1347 nie
2537 1296 2741 1355 audias,

1673 1386 1854 1435 facies,
1923 1381 2197 1446 Proprium
2222 1384 2303 1427 est
2323 1390 2498 1425 eorum
2516 1373 2606 1437 qui
2631 1373 2744 1436 gio·

1675 1463 1799 1512 riam
1822 1466 2106 1519 sectantur,
2142 1455 2397 1505 facta.sua
2416 1464 2517 1498 non
2540 1448 2609 1497 ad
2631 1461 2746 1497 ree·

1677 1545 1746 1587 tm
1773 1536 1978 1586 rationis
1997 1533 2260 1583 obrussam
2283 1529 2494 1591 exigere
2515 1544 2529 1574 :
2552 1524 2645 1574 sed
2670 1523 2745 1573 ad

1677 1622 1881 1678 gustum
1921 1613 2122 1661 illorum
2158 1624 2189 1658 a
2224 1606 2405 1672 quibus
2434 1600 2634 1652 laudari
2654 1615 2745 1651 cu·

1677 1691 1845 1755 piunt.
1882 1688 2083 1738 casaub.
2153 1686 2452 1734 Inculcatur
2492 1694 2621 1742 ergo
2643 1679 2743 1727 bac

1676 1752 1956 1816 trementia⁸
1983 1763 2109 1812 iilud
2169 1761 2233 1809 de
2282 1758 2414 1809 coelo
2467 1756 2742 1819 delapsum

1677 1846 1818 1892 Γνὸθι
1839 1840 2055 1892 σεαυτόν.
2089 1838 2262 1889 Lubin.

1741 1926 1771 1969 8
1812 1920 1936 1968 Nam
1977 1920 2138 1967 Rom
2177 1919 2250 1963 est
2290 1912 2392 1976 quis
2426 1908 2540 1970 non]
2607 1906 2742 1960 Quis

1674 2012 1777 2048 non
1815 2011 1869 2046 se
1903 2004 2055 2044 extra
2087 1991 2304 2057 qun-rit?
2351 1987 2456 2046 vel,
2478 1986 2612 2037 Quis
2638 1997 2743 2033 nou

1677 2081 1757 2125 cst
1778 2071 2008 2136 corrupti
2022 2068 2227 2133 judicii,
2255 2072 2310 2114 et
2333 2064 2569 2126 indignus
2590 2061 2741 2123 cujus

1676 2152 1926 2202 rationem
1956 2147 2178 2197 habeas?
2230 2144 2425 2208 quippe
2462 2138 2652 2188 delitiis
2683 2144 2742 2187 et

1676 2230 1799 2277 luxu
1824 2224 2034 2291 perditi,
2063 2235 2239 2272 omnes
2262 2217 2469 2268 virtutis
2491 2230 2666 2265 osores
2687 2220 2744 2263 et

1675 2306 1998 2354 honestarum
2033 2297 2256 2348 omnium
2298 2295 2504 2354 artium,
2538 2292 2603 2341 de
2629 2292 2741 2356 qni-

1676 2383 1768 2431 bus
1784 2389 1907 2430 tunc
1929 2384 2195 2427 merentur
2218 2371 2459 2436 pessime,
2483 2383 2602 2420 cum
2625 2370 2740 2417 illas

1675 2472 1766 2508 sno
1791 2462 2036 2506 contactu
2066 2450 2283 2500 foedant.
2337 2445 2679 2498 emh—Ae
2697 2443 2741 2494 si

1664 2534 1773 2598 sus]
1835 2534 2004 2584 Quam
2027 2542 2166 2593 aegre
2189 2543 2245 2575 sc
2276 2526 2588 2585 contineret,
2623 2524 2740 2572 hec

1676 2610 1867 2661 indicio
1899 2614 2036 2657 sunt.
2104 2605 2209 2654 Alii
2240 2603 2373 2665 libri,
2405 2602 2468 2650 ah
2500 2601 2543 2649 εἰ
2563 2600 2651 2658 sas
2670 2599 2744 2648 di-

1674 2702 1794 2748 cere,
1816 2691 1870 2735 et
1886 2685 1960 2734 sic
1982 2689 2197 2745 exoptat
2212 2679 2310 2729 sibi
2327 2677 2590 2728 licentiam
2614 2674 2743 2726 illud

1675 2761 1902 2823 dicendi,
1931 2758 2067 2824 quod
2090 2771 2245 2820 supra
2269 2770 2364 2819 per
2395 2751 2742 2817 Aposiopesin

1672 2839 1984 2888 obticuerat.
2069 2833 2230 2886 Quasi
2285 2831 2458 2879 dicat:
2525 2829 2742 2877 Utinam

1674 2912 1798 2965 mihi
1822 2914 1977 2962 liceat
2000 2910 2125 2959 illud
2149 2910 2354 2972 impune
2376 2907 2571 2966 dicere,
2603 2905 2751 2969 quod<

1678 2990 1765 3040 alii
1808 2990 2016 3053 impune
2059 2986 2275 3035 faciunt.
2339 2982 2743 3034 ubinam—Sed

1664 3065 1773 3128 sas]
1826 3062 2131 3128 significans
2171 3075 2227 3109 se
2257 3061 2312 3109 in
2335 3060 2600 3123 proposito
2624 3072 2742 3121 per-

1675 3155 1913 3191 severare
1936 3137 2193 3188 scribendi
2216 3142 2437 3199 satyras.

1741 3225 1774 3269 9
1812 3220 1944 3269 Tunc
1965 3233 2070 3266 cum
2091 3218 2153 3265 ad
2172 3214 2418 3277 canitiem]
2475 3212 2741 3277 Quicquid

1677 3296 1762 3345 isti
1778 3294 2065 3359 judicaturi
2085 3294 2209 3353 sint,
2233 3291 2420 3355 inquit,
2445 3304 2544 3355 ego
2567 3297 2740 3338 tamen

1675 3370 1972 3420 scribendas
2012 3369 2132 3417 mihi
2165 3375 2366 3431 satyras
2387 3365 2594 3430 judico,
2617 3380 2741 3429 quo-

1680 3446 1775 3495 ties
1815 3445 1882 3494 ob
1927 3444 2102 3493 oculos
2135 3444 2259 3492 mihi
2294 3457 2450 3507 pono,
2487 3442 2667 3506 quibus
2690 3441 2745 3490 in

1676 3522 1861 3572 studiis
1883 3522 1970 3570 isti
1992 3535 2048 3569 se
2068 3529 2350 3583 occupent,
2377 3519 2491 3582 jam
2522 3518 2642 3566 inde
2676 3516 2743 3564 ab

1676 3612 1740 3646 eo
1760 3605 1990 3660 tempore
2006 3610 2124 3644 cum
2145 3599 2484 3643 excesserunt
2501 3609 2567 3642 ex
2587 3592 2742 3656 ephe-

1679 3673 1759 3722 bis
1802 3672 1865 3722 ad
1909 3673 2140 3721 ultimam
2184 3685 2343 3735 usque
2385 3677 2745 3719 senectutem:

1676 3764 1793 3798 cum
1833 3756 2004 3797 tannen
2043 3762 2226 3812 graves
2272 3754 2327 3796 et
2366 3746 2537 3795 severi
2582 3745 2745 3795 velint

1677 3825 1861 3875 videri.
1939 3826 2182 3876 Graecnm
2224 3831 2326 3885 est,
2367 3829 2580 3872 nstrum
2615 3823 2746 3872 istud

1677 3903 1851 3964 virere,
1893 3900 1952 3949 τὸ
1989 3901 2079 3966 ζῇν
2110 3901 2276 3962 mian,
2296 3901 2404 3951 vita
2441 3899 2558 3949 haec
2590 3913 2743 3965 quam

1680 3982 1858 4032 Romoe
1883 3982 2097 4031 vivimus
2132 3983 2366 4046 plerique
2389 3994 2586 4030 omnes.
2656 3978 2743 4027 Sic

1677 4058 1832 4107 vivere
1866 4059 2024 4118 triste,
2060 4060 2088 4106 ὁ
2118 4056 2385 4120 σκυθρωπὸς
2417 4053 2542 4116 βίος,
2581 4055 2747 4119 qualis

1680 4140 1763 4183 est
1784 4146 1958 4181 eornm
1981 4133 2221 4193 maxime,
2258 4132 2355 4186 Qui
2391 4130 2568 4179 Curios
2597 4129 2746 4178 siu-

1679 4211 1781 4260 luut
1815 4214 1862 4258 et
1898 4208 2220 4258 Bacchanalia
2241 4210 2425 4267 citant,
2445 4206 2538 4271 qui
2561 4206 2615 4254 in
2641 4205 2755 4256 Lit«

1682 4286 1806 4338 teris
1845 4286 2019 4337 Sacris
2072 4285 2316 4337 dicuntur
2372 4279 2622 4346 ἀφανίζειν
2667 4281 2757 4333 ,τὰ
