3050 4913
1180 402 1628 456 suvmums,
2324 387 2499 454 1213

279 552 649 622 intellexerit,
693 549 1125 612 commentitias
1153 550 1286 609 inde
1313 569 1383 610 ac
1411 549 1607 609 futiles
1634 567 2048 628 nonnunquam
2078 549 2312 611 fabulas
2339 571 2499 612 com·

283 670 542 732 ponere;
587 658 871 728 praeterea
902 667 1038 708 eum
1067 665 1225 726 saepe
1252 667 1369 707 non
1408 647 1739 706 notissimas
1770 657 1995 708 tantum
2027 648 2293 708 historias
2319 659 2381 709 et
2406 670 2499 710 res

284 748 556 828 pluribus
601 765 896 824 exponere
943 745 1157 814 verbis,
1204 746 1304 803 sed
1356 744 1674 804 verioribus
1721 765 1959 823 quoque
2007 766 2079 805 ac
2129 746 2498 818 certioribus,

287 866 417 926 quae
443 847 693 904 Tacitus
732 843 951 921 aliique
988 843 1353 914 tradiderint,
1397 863 1581 922 nugas
1606 853 1668 903 et
1707 854 2064 915 commenta,
2113 866 2186 905 ex
2228 864 2501 924 perversa

288 945 497 1004 horum
566 941 1046 1020 interpretatione
1095 950 1292 1012 enata,
1363 943 1486 1002 sive
1540 942 1884 1013 admiscere,
1941 943 2061 1001 sive
2122 943 2499 1006 substituere.

286 1041 501 1118 Neque
543 1037 700 1097 adeo
742 1037 887 1096 mira
916 1038 1044 1097 haec
1087 1038 1442 1098 videbuntur
1468 1038 1543 1108 ei,
1592 1038 1850 1117 quitum
1890 1041 2230 1111 meminerit,
2277 1050 2502 1102 mature

286 1137 428 1196 satis
474 1134 726 1212 ineptire
769 1134 1019 1212 coepisse
1061 1134 1516 1205 Grammaticos,
1567 1146 1692 1194 tum
1738 1136 2099 1213 expenderit,
2150 1158 2284 1215 quae
2325 1158 2503 1216 supra

278 1233 408 1310 jam
446 1230 908 1301 observavimus,
955 1232 1251 1310 exemplar
1297 1233 1662 1293 Pithoeanum
1708 1233 2142 1292 mendosissime
2187 1234 2363 1295 fuisse
2400 1235 2505 1296 de·

290 1329 603 1409 scriptum,
649 1338 710 1387 et
736 1327 874 1387 huic
905 1327 1249 1388 Scholiastae
1292 1328 1445 1388 idem
1476 1328 1786 1399 accidisse,
1835 1329 1995 1407 quod
2031 1331 2319 1391 veteribus
2361 1351 2505 1392 con·

291 1426 419 1505 tigit
458 1426 903 1496 Grammaticis,
958 1435 1077 1485 tam
1121 1424 1366 1495 Graecis,
1409 1445 1588 1502 quam
1637 1425 1879 1495 Latinis,
1931 1435 1993 1483 ut
2035 1446 2149 1484 non
2192 1427 2504 1500 defuerint,

292 1543 392 1583 seu
424 1521 786 1592 scholastici,
814 1541 920 1581 seu
949 1521 1220 1581 monachi
1245 1529 1305 1581 et
1333 1521 1573 1593 librarii,
1603 1523 1706 1601 qui
1732 1522 1790 1580 in
1818 1523 2204 1600 excerpendis
2235 1518 2508 1585 t‘ranscri·

294 1619 626 1697 bendisque
674 1619 927 1679 Scholiis
978 1619 1222 1699 antiqua
1269 1638 1342 1678 ac
1397 1620 1589 1696 proba
1645 1619 1824 1677 modo
1875 1620 2286 1680 contraherent
2334 1622 2507 1683 omit-

296 1724 581 1786 terentve,
610 1715 812 1786 modo,
853 1715 1169 1776 innumeris
1210 1715 1361 1787 aliis,
1392 1725 1463 1775 -et
1490 1717 1831 1793 plerumque
1859 1714 2242 1774 deterioribus
2270 1717 2510 1797 ineptis-

297 1833 411 1892 que
436 1812 649 1892 pannis
676 1796 919 1884 assutis»,
948 1812 1104 1872 soede
1143 1819 1590 1889 corrumperent
1617 1820 1797 1888 atque
1836 1811 2271 1888 interpolarent.
2354 1816 2507 1883 Quoe

296 1931 432 1971 cnm
461 1912 548 1970 ita
576 1911 712 1980 sint,
743 1929 950 1988 parum
978 1909 1254 1987 profecto
1286 1909 1555 1969 utilitatis
1579 1929 1653 1968 ex
1678 1910 1788 1968 hac
1810 1907 2115 1985 farragine,
2144 1928 2280 1987 quae
2299 1916 2510 1973 veteris

299 2004 653 2066 Scholiostoe
679 2025 890 2066 nomen
920 2025 1041 2083 prae
1067 2026 1130 2065 se
1156 2006 1288 2077 fert,
1317 2005 1543 2084 percipi
1564 2013 1779 2084 potest,
1802 2005 1911 2065 nisi
1939 2005 2013 2064 ad
2037 2025 2164 2065 eam
2189 2009 2509 2069 accesseris

300 2112 417 2164 tam
446 2103 651 2163 subtili
680 2102 909 2181 ingenio
934 2112 994 2163 et
1022 2111 1140 2163 tam
1169 2112 1447 2163 accurata
1476 2122 1716 2181 quoque
1744 2102 2013 2163 doctrina
2039 2103 2383 2177 instructus,
2421 2113 2508 2176 ut,

299 2221 435 2278 quae
470 2198 757 2269 tollenda,
804 2218 1060 2278 quaeque
1093 2199 1475 2276 relinquenda
1505 2199 1646 2269 sint,
1694 2200 1828 2258 satis
1862 2200 2224 2277 exploratum
2269 2202 2508 2277 habeas.

298 2296 388 2355 Ex
415 2296 505 2355 his
534 2297 706 2355 simul
735 2295 1096 2375 intelligitur,
1139 2315 1318 2374 quam
1346 2314 1555 2373 parum
1582 2295 1679 2354 ille
1708 2295 2000 2354 videretur
2026 2316 2224 2374 operae
2251 2299 2509 2375 pretium

297 2390 588 2463 facturus,
634 2391 735 2472 qui
778 2391 1064 2451 infinitam
1091 2390 1247 2450 illam
1289 2391 1661 2449 Scholiorum
1699 2391 2148 2465 multitudinem,
2196 2396 2510 2456 multorum

297 2489 498 2549 Codd.
528 2491 682 2549 Mss.
710 2489 954 2567 margini
993 2488 1334 2565 ascriptam,
1376 2488 1648 2565 colligere
1689 2497 1750 2547 et
1791 2488 2112 2548 Pitboeanis
2153 2500 2410 2551 attexere
2449 2494 2511 2553 in

299 2586 563 2646 animum
592 2586 921 2645 induceret.
1006 2585 1067 2645 Si
1103 2584 1234 2662 quis
1262 2594 1456 2644 tamen
1496 2585 1934 2662 circumspecto
1962 2597 2247 2664 rectoque
2279 2586 2544 2663 judicio‘

300 2682 575 2743 adhibito
605 2684 764 2743 bona
792 2704 866 2742 ex
906 2683 977 2741 iis
1004 2702 1316 2761 excerpere
1348 2702 1417 2741 ac
1448 2683 1686 2760 vulgare
1716 2683 1908 2751 vellet,
1952 2701 2066 2740 non
2095 2682 2325 2754 dubito,
2371 2685 2512 2762 quin

301 2779 673 2858 aliquantum
710 2779 852 2839 inde
892 2779 1117 2838 fructus
1165 2780 1297 2856 capi
1338 2779 1542 2857 possit.
1628 2779 1779 2838 Mihi
1823 2778 2059 2856 quidem
2099 2781 2172 2839 ad
2217 2781 2329 2840 hoc
2369 2801 2514 2841 con·

303 2879 495 2938 silium
523 2879 868 2957 agitandum
907 2878 1432 2957 exequendumque
1468 2886 1528 2937 et
1555 2876 1799 2950 animus,
1840 2884 1900 2937 et
1927 2876 2132 2949 otium,
2172 2887 2231 2938 et
2260 2877 2512 2942 facultas

296 2975 568 3035 defuere.

566 3139 571 3148 ι
1329 3076 1506 3139 1587.

390 3168 822 3229 Pulmanniana
853 3185 947 3228 ιν.
989 3167 1296 3228 Juvenum
1330 3175 1391 3227 et
1421 3168 1693 3227 Persius.
1775 3171 2058 3247 Antverp.
2086 3189 2157 3229 ιι·
2183 3169 2291 3250 qffi
2322 3171 2514 3252 cleph.

311 3267 685 3327 Plantim‘-
697 3278 720 3327 1
734 3274 873 3334 587.

392 3365 762 3423 Memoratur
787 3362 1108 3423 Henninio.

1326 3468 1502 3533 1590.

390 3556 820 3617 Pulmanniana
859 3573 923 3616 v,
983 3556 1161 3618 Junie·
1211 3557 1512 3618 ,Iuvenalis
1570 3556 1924 3635 Satyrorum
1983 3556 2160 3616 Libra·
2201 3574 2265 3616 v.
2321 3556 2520 3621 Persii

306 3651 515 3712 flocci
570 3652 928 3730 Satyrorum
975 3652 1124 3712 liber
1170 3673 1340 3714 unus,
1430 3653 1703 3731 Lugduni
1754 3652 1921 3731 opud
1971 3653 2516 3720 Plautinum—12.

311 3757 496 3819 1590.

394 3847 470 3904 V.
500 3845 695 3905 Catal.
728 3845 880 3903 Bibl.
915 3846 1239 3905 Hasaeanae.
1321 3848 1516 3906 Brem.
1554 3855 1728 3915 1782.
1759 3865 1820 3923 p.
1850 3843 1989 3915 639.
2020 3865 2081 3904 n.
2111 3845 2207 3908 36.

393 3944 428 3977 ⁶
457 3942 672 4001 Pithoei
720 3958 798 4001 11.
843 3947 927 4016 (n.
958 3940 1084 4012 76.)
1133 3946 1204 4002 A.
1235 3944 1440 4002 Persii
1487 3941 1845 4019 Satyrorum
1890 3941 2073 4001 Liber
2116 3960 2161 4003 1.
2217 3944 2301 4003 D.
2341 3944 2522 4006 Juniz·

309 4037 624 4099 sumatis
673 4037 1027 4115 Satyrorum
1073 4038 1209 4096 Lib.
1254 4054 1317 4097 ν.
1369 4037 1655 4116 Sulpiciae
1704 4038 1923 4114 Satyro
1968 4054 2017 4096 1.
2067 4057 2191 4097 cum
2238 4042 2523 4100 veteribus

307 4135 754 4193 comatos-iis
779 4153 939 4194 nunc
960 4136 1223 4214 primum
1250 4135 1448 4195 editis.
1530 4132 1626 4193 Ea·
1655 4133 2001 4194 bibliotheco
2030 4135 2114 4194 P.
2148 4136 2379 4194 Pithoei
2401 4134 2522 4197 JC'.

312 4232 493 4310 cuju
534 4232 712 4291 ettam
755 4237 915 4292 ποία
954 4231 1223 4311 quaedom
1246 4229 1497 4310 affecta·
1539 4235 1700 4291 suat.
1782 4230 2037 4309 (insigne
2064 4230 2442 4291 Andreanum
2471 4250 2519 4290 s.
