3050 4913
1169 433 1447 484 SA'HRA
1495 436 1566 483 v.
1637 400 1652 414 ’
2362 396 2491 487 131'

276 575 414 643 Cui
440 578 617 658 licet,
646 583 724 644 ut
751 578 963 644 voluit
980 578 1011 641 ‘l
1056 578 1238 656 licet,
1265 582 1342 642 ut
1368 578 1548 657 volu,
1579 577 1805 672 vivere
1831 599 1847 645 ε
1891 564 2026 644 non
2055 564 2184 645 sim

276 679 584 746 Liberior
610 681 820 745 Bruto
844 679 897 744 'l'
945 680 1273 745 Mendose
1304 682 1590 766 colligis„
1620 678 1831 767 inquit

276 778 551 847 Stoicus
579 783 715 860 hic,
743 803 968 847 aurem
994 782 1292 848 mordaci
1319 783 1494 849 lotus
1528 789 1744 851 aceto.

280 880 443 948 Hoc
469 885 797 967 reliquum
821 886 1122 968 accipio:
1170 884 1314 949 licet
1342 885 1506 950 illud
1536 894 1603 952 et
1631 897 1700 950 ue
1728 885 1869 953 volo
1896 888 2077 955 tolle.

2407 668 2496 749 35

277 1097 357 1146 cai
384 1095 473 1157 sas
488 1102 561 1146 est
584 1097 732 1146 vitum
763 1099 931 1149 decen
960 1103 1023 1149 od
1052 1102 1257 1151 libitum.
1325 1101 1399 1152 At
1420 1103 1542 1153 milon·
1562 1104 1650 1165 sas
1679 1108 1749 1154 est
1770 1105 1920 1154 vitam
1946 1105 2116 1154 ducere
2135 1105 2199 1153 od
2219 1101 2493 1153 arbitrium.

282 1162 553 1227 Numquid
573 1162 735 1225 igitur
755 1179 847 1213 m
856 1163 1000 1223 suero
1017 1166 1172 1215 Bruto
1192 1165 1423 1219 liberior?
1447 1170 1591 1218 Falso
1611 1169 1864 1231 concludis,
1879 1171 1952 1218 ait
1972 1169 2052 1218 ille
2073 1169 2282 1230 Stoicus,
2302 1169 2496 1218 habens

278 1242 445 1276 mm
475 1231 734 1292 purgatam
767 1228 870 1278 acri
902 1234 1050 1280 aceto.
1134 1232 1307 1282 Cetera
1336 1232 1546 1297 quidem
1568 1233 1652 1282 illa
1673 1234 1891 1297 admitto,
1922 1232 2015 1283 sed
2051 1248 2203 1297 apage
2237 1240 2381 1284 tunm
2412 1233 2498 1281 hoe

1220 1374 1422 1394 OOOom
1426 1374 1574 1394 ’’’’’

284 1486 634 1618 afflig.
674 1494 731 1539 et
763 1488 883 1540 Gal.
918 1489 1046 1542 Mn.
1069 1496 1124 1555 et
1147 1490 1340 1543 0.-87
1372 1494 1572 1557 lieet,ut
1596 1492 1908 1557 colo‚rioere,
1927 1491 2036 1542 tolle
2068 1491 2210 1543 Edit.
2232 1489 2416 1557 Steph.
2439 1496 2496 1542 et

1295 1670 1506 1721 NOTAE

353 1782 418 1829 8⁴
456 1780 548 1828 Cui
568 1779 962 1846 necesitudinis}
1008 1783 1247 1834 Genuina
1275 1789 1356 1834 est
1435 1797 1611 1835 corum
1634 1784 1823 1835 subtile
1861 1783 1963 1834 fuit
2000 1784 2083 1834 vel
2123 1783 2291 1848 potius
2330 1781 2501 1848 spino·

284 1855 547 1907 libertatis
589 1855 841 1922 definitio,
883 1874 914 1908 e
961 1875 1063 1924 qua
1106 1860 1355 1925 majorem
1434 1876 1547 1910 sum
1570 1860 1851 1921 disserendi
1874 1858 2072 1924 genus!

290 1934 696 1999 propositionem
734 1934 946 1987 conficit
977 1937 1203 1988 Marcus.
1267 1937 1355 1988 sic
1501 1942 1566 1988 87
1600 1939 1709 1987 Hoc
1741 1938 1970 2001 reliquum
2001 1937 2197 2001 accipio,
2219 1934 2327 1999 ξω]
2393 1934 2502 1985 Ad-

290 2010 429 2059 enim
465 2011 596 2061 Tull.
637 2011 826 2063 Parad.
865 2018 914 2064 5.
981 2013 1119 2064 Item
1136 2011 1290 2064 Offic.
1316 2027 1356 2064 ι.

288 2089 307 2114 ⁰
334 2085 430 2136 Est
454 2092 685 2150 potestas
723 2089 929 2139 vivendi
950 2097 1011 2138 ut
1033 2089 1189 2139 velis!
1254 2089 1360 2139 De·

290 2171 516 2212 sumtum
565 2177 688 2212 vero
745 2163 955 2215 videtur
992 2181 1023 2215 e
1060 2166 1271 2216 Laertio
1305 2167 1359 2216 in

293 2237 523 2298 Zenone,
537 2238 624 2288 ubi
641 2240 715 2289 sic
734 2240 987 2292 habetur:
1023 2239 1158 2292 ἔστιν
1177 2243 1209 2302 ἡ
1231 2244 1361 2293 ἐλευ-

291 2313 420 2378 θερία
444 2314 627 2377 ἐξουσία
646 2316 975 2381 αὐτοπραγίας.
1034 2318 1105 2368 Et
1130 2321 1358 2384 Epictet.

292 2390 434 2455 apud
474 2391 682 2443 Arrian.
715 2409 830 2459 cap.
872 2400 920 2444 l.
962 2394 1053 2446 lib.
1085 2410 1146 2446 n.
1186 2402 1241 2446 et
1280 2410 1357 2447 ιν.

292 2467 535 2532 &steph
549 2470 679 2519 ἐστιν
699 2472 726 2518 ὁ
747 2468 843 2533 ζῶν
862 2471 923 2521 ὥς
943 2470 1185 2528 βούλεται.
1236 2474 1361 2523 Per·

294 2546 373 2610 git
412 2545 612 2606 Dama;
663 2546 799 2598 Licet
834 2553 888 2598 ut
920 2550 1020 2598 volo
1053 2550 1223 2599 virere.
1291 2550 1363 2599 Et

294 2621 406 2671 haec
428 2629 511 2672 est
531 2622 697 2671 minor
720 2625 1021 2688 propositio.
1105 2626 1262 2690 Ergo,
1286 2625 1361 2674 in·

295 2699 426 2764 quit,
463 2715 555 2747 uon
574 2702 664 2748 sim
686 2699 876 2749 liberior
899 2697 1094 2751 Bruto?
1143 2701 1363 2752 Conclu-

297 2776 375 2825 sio
395 2775 695 2839 syllogismi.

364 2857 425 2902 85
461 2853 874 2918 wer-iorssruto]
925 2855 1003 2905 M.
1027 2855 1211 2907 Junius
1235 2857 1364 2905 Bru·

299 2935 383 2979 tus
407 2930 798 2992 Rempublicam
817 2932 1098 2980 Romanam
1117 2946 1148 2980 a
1164 2933 1365 2996 Regum

298 3006 554 3055 servitute
609 3021 670 3055 ac
729 3007 1003 3069 tyrannide
1069 3007 1366 3070 vindicavit,

296 3082 573 3147 pristinam
602 3083 897 3131 libertatem
933 3083 1194 3134 restitnit:
1231 3085 1367 3148 ejus·

299 3175 401 3225 qne
424 3160 690 3210 firmandae
715 3175 885 3224 causa,
916 3171 1011 3210 nec
1033 3163 1255 3225 propriis
1282 3176 1367 3226 pe-

299 3238 472 3303 percit
491 3238 627 3300 filiis,
647 3252 774 3303 quos
805 3239 855 3287 ei
893 3237 1194 3286 insidiantes
1218 3252 1367 3286 neca-

299 3315 394 3365 vit.
455 3315 559 3366 Tit.
595 3317 708 3365 Liv.
731 3315 782 3364 in
807 3316 907 3364 fine
931 3315 1022 3365 lib.
1052 3329 1089 3365 1.
1128 3323 1184 3366 et
1216 3317 1367 3366 initio

297 3389 391 3440 lib.
415 3405 479 3443 ιι.
543 3393 720 3441 valer.
762 3393 976 3443 Maxim.
1018 3406 1071 3442 ν.
1106 3397 1155 3443 8.
1223 3392 1365 3441 Flor.

299 3480 339 3518 1.
366 3474 415 3518 9.

366 3543 597 3593 Mendese
632 3543 835 3607 colligis]
903 3543 1257 3608 Redarguitur
1292 3543 1367 3594 M.

302 3621 492 3684 Dama,
513 3622 727 3685 ejusque
751 3622 1070 3684 syllogismus
1096 3620 1369 3684 retexitur,

298 3697 396 3748 boc
418 3695 531 3746 fere
553 3698 736 3747 modo:
760 3714 774 3727 ·
792 3704 1022 3747 transeat
1047 3696 1328 3761 propositio
1351 3711 1364 3743 ε

301 3789 367 3823 ea
391 3773 597 3839 quidem
637 3773 767 3823 bene
802 3773 1070 3822 intellecta
1105 3780 1248 3822 certa
1270 3778 1366 3821 est.

304 3850 540 3914 Negatur
574 3851 854 3909 assumti03
911 3863 1060 3914 quam
1090 3856 1257 3898 tamen
1281 3847 1367 3896 ille

302 3940 426 3976 mox
459 3941 692 3976 asserere
722 3928 1007 3976 conabitur.
1072 3925 1206 3974 Vide
1236 3924 1371 3974 infra

300 4018 530 4054 errorem
554 4002 855 4067 syllogismi.

368 4084 434 4131 86
469 4079 692 4128 Mor-daci
714 4081 839 4127 lotus
858 4077 1010 4140 aceto]
1078 4077 1371 4126 Instructius

302 4157 486 4206 morali
508 4156 786 4220 disciplina
820 4154 1095 4215 severiori3
1143 4155 1228 4202 vel
1264 4151 1371 4203 acri

295 4234 503 4300 judicio
524 4234 752 4283 simulet
787 4232 1072 4281 dialectica.
1139 4232 1277 4281 Nam
1312 4239 1372 4281 ut

304 4312 380 4364 ait
418 4311 589 4364 Cicer.
626 4312 692 4361 de
733 4309 941 4363 Finibus
982 4326 1066 4362 m.
1105 4315 1154 4361 3.
1200 4311 1217 4340 ‘
1242 4311 1373 4362 Stoi-

1438 2016 1592 2065 mitto
1617 2014 1873 2064 libertatis
1909 2011 2263 2063 definitionem
2297 2012 2350 2061 in
2387 2025 2504 2076 pro·

1442 2089 1697 2154 positione
1721 2095 2050 2140 contentam:
2076 2089 2247 2155 inquit
2263 2088 2502 2139 Stoicus:

1438 2181 1543 2216 non
1578 2180 1703 2217 vero
1741 2175 1936 2218 cetera.
2002 2164 2207 2231 Legunt
2237 2165 2344 2225 alii,
2382 2163 2505 2214 Hoec

1437 2244 1620 2307 reliquo
1656 2243 1862 2307 occipio.-
1905 2245 2013 2294 lieet
2048 2243 2186 2305 illud,
2224 2248 2291 2305 et,
2311 2246 2365 2291 ut
2387 2243 2505 2305 volo,

1439 2322 1566 2371 tolle.
1631 2319 1736 2370 Alii
1759 2322 2056 2380 restituunt,
2076 2334 2172 2369 nec
2188 2319 2300 2369 sine
2324 2319 2509 2383 proba-

1440 2398 1533 2447 bili
1553 2399 1770 2459 ratione,
1794 2398 1917 2447 Haec
1936 2399 2116 2462 reliqua
2136 2395 2342 2460 accipio.-
2375 2395 2505 2458 licet,

1438 2480 1491 2524 ut
1516 2477 1632 2539 volo,
1653 2475 1821 2536 vivere,
1838 2474 1965 2522 tolle.

1506 2551 1654 2600 Licet
1690 2551 1809 2599 mad
1850 2553 1897 2599 et
1941 2555 2001 2599 ut
2037 2549 2157 2598 volo
2198 2545 2332 2609 tolle]
2413 2546 2505 2598 As·

1439 2628 1745 2677 sumtionem
1786 2634 1844 2677 nt
1892 2624 2070 2676 falsam
2110 2637 2323 2674 amove:
2373 2622 2507 2673 hanc

1441 2717 1541 2768 ego
1584 2717 1800 2766 respu03
1851 2709 1908 2753 et
1951 2702 2130 2766 paucis
2164 2700 2412 2764 evincam,
2451 2707 2505 2750 to

1444 2794 1546 2829 non
1586 2778 1758 2828 vivere
1792 2785 1851 2828 ut
1883 2778 1981 2841 vis,
2014 2784 2070 2829 et
2103 2783 2164 2828 ut
2200 2776 2362 2838 libet3
2406 2789 2506 2829 nec

1448 2855 1543 2904 tibi
1564 2855 1720 2905 licere
1743 2854 1879 2918 quod
1902 2861 2049 2919 optas
2066 2861 2121 2904 et
2137 2854 2273 2919 quod
2300 2853 2505 2918 placet:

1446 2936 1503 2981 tn
1525 2931 1790 2981 enimvero
1812 2932 1983 2994 potins
2018 2930 2183 2994 ageris
2205 2936 2262 2979 et
2285 2929 2508 2993 raptaris

1446 3021 1770 3073 quocumque
1794 3008 2006 3056 trahunt
2024 3013 2076 3055 te
2100 3005 2373 3070 cupiditas,
2397 3004 2513 3054 libi·

1446 3083 1535 3142 do,
1573 3083 1775 3148 aliaque
1809 3083 1950 3133 vitia.
2030 3081 2182 3131 Unde
2214 3094 2416 3130 servum
2454 3086 2510 3130 te

1447 3160 1725 3219 contendo,
1756 3161 1974 3210 liberum
2013 3174 2254 3223 pernego.
2321 3159 2510 3209 Horat.

1449 3239 1556 3287 Sat.
1599 3250 1659 3286 n.
1697 3240 1747 3286 ⁷.
1777 3237 1794 3265 ‘
1819 3237 1900 3285 Tu
1940 3237 2061 3285 mihi
2102 3237 2187 3300 qui
2223 3234 2513 3299 imperitas,

1448 3314 1562 3362 aliis
1600 3313 1760 3362 servis
1799 3314 1970 3374 miser,
2004 3320 2158 3377 atque
2193 3311 2431 3370 Duceris,
2453 3316 2513 3359 ut

1447 3388 1621 3438 nervis
1655 3390 1834 3438 alienis
1857 3388 2045 3438 mobile
2082 3389 2296 3452 lignum.
2362 3386 2513 3438 Quis-

1447 3481 1563 3516 nam
1609 3467 1768 3530 igitur
1818 3467 1986 3517 liber?
2044 3467 2276 3530 Sapiens,
2312 3465 2511 3529 sibique

1449 3544 1784 3606 imperiosus?
1863 3544 1998 3593 Tull.
2036 3541 2229 3592 Parad.
2269 3547 2319 3590 ὅ.
2367 3544 2381 3568 ‘
2409 3540 2512 3591 lm·

1450 3621 1639 3683 probos
1671 3635 1769 3669 non
1806 3620 1884 3670 ita
1916 3620 2097 3668 dicunt
2120 3633 2233 3668 esse
2255 3632 2430 3667 servos
2453 3623 2515 3668 ut

1450 3697 1727 3758 mancipia,
1747 3710 1862 3758 qnae
1887 3701 2008 3745 sunt
2029 3694 2350 3743 dominorum
2372 3689 2516 3742 facta

1449 3787 1602 3834 nexu,
1631 3778 1721 3820 aut
1757 3769 1930 3834 aliquo
1956 3770 2076 3832 jure
2114 3769 2284 3818 civili:
2337 3768 2449 3828 sed,
2471 3768 2516 3818 si

1449 3849 1670 3898 sentitus
1688 3848 1777 3907 sit,
1800 3847 1934 3896 sicut
1952 3853 2034 3896 est
2056 3846 2357 3895 obedientia
2379 3844 2518 3896 frac-

1452 3925 1492 3974 ti
1517 3923 1673 3972 animi
1697 3930 1753 3973 et
1775 3923 1991 3987 abjecti,
2013 3931 2066 3972 et
2089 3923 2304 3973 arbitrio
2334 3938 2517 3973 caren-

1452 4002 1519 4051 tis
1556 4016 1668 4063 suo,
1706 4001 1820 4065 quis
1852 4007 2010 4064 neget
2031 4016 2207 4050 omnes
2230 4003 2389 4063 leves,
2410 4016 2517 4050 om·

1453 4093 1544 4128 nes
1583 4077 1818 4141 cupidos),
1851 4093 2028 4127 omnes
2069 4079 2292 4143 denique
2327 4078 2516 4140 impro-

1455 4156 1548 4204 bos
1587 4170 1702 4207 esse
1740 4156 1950 4205 servos?
1998 4155 2081 4206 An
2110 4156 2197 4205 ille
2234 4155 2355 4204 mihi
2386 4153 2517 4203 liber

1454 4232 1709 4296 videatur,
1744 4233 1829 4283 cui
1868 4233 2051 4282 mulier
2090 4233 2326 4297 imperat,
2374 4230 2516 4296 leges

1452 4308 1689 4375 imponit,
1713 4315 1859 4368 vetat
1882 4308 2020 4375 qnod
2040 4308 2245 4358 videtur
2260 4306 2294 4357 ?’
2329 4309 2430 4357 ecc.
