3050 4913
486 337 627 418 ,128

1262 350 1332 400 A.
1382 346 1632 397 PssRsll
1683 342 1947 396 FLAcm

581 498 918 567 Libertate
942 513 1116 582 opus
1145 498 1272 570 est,
1300 492 1608 568 non-hac,
1636 507 1838 573 quam
1866 493 1940 552 ut
1966 485 2250 571 quisque
2277 482 2521 551 Velina

498 604 783 670 Publius
812 601 1107 678 emeruit,
1138 596 1524 662 scabiosum
1555 592 1874 657 tesserula
1903 589 2004 655 far

496 772 655 854 eodem
675 807 872 853 temone.
939 800 1163 851 Liberem
1195 797 1455 848 necessa-ia
1476 800 1570 859 eat,
1591 794 1790 845 milla
1810 807 1907 856 per
1941 804 2094 856 quam
2129 788 2297 838 stetin
2338 791 2480 849 atque
2516 778 2713 846 quilibet

496 868 697 919 Publius
730 865 1041 918 misus
1092 871 1181 930 est,
1202 863 1504 924 frumentum
1545 864 1819 924 corruptum
1860 858 2034 907 obtinet
2072 869 2161 918 per
2213 859 2435 903 tenerum
2475 848 2706 903 Vennum,

1431 1021 1609 1042 00000

1613 1020 1791 1041 000000

501 1150 565 1197 78
598 1146 687 1195 lure
726 1150 782 1193 ut
813 1144 1024 1227 quisque·
1044 1141 1187 1193 Edit.
1232 1139 1415 1205 Steph'.
1451 1143 1508 1188 et
1540 1140 1604 1189 C.
1636 1139 1727 1188 hae
1745 1150 1884 1200 quam
1900 1133 2071 1198 quique
2090 1130 2196 1181 Ms.
2216 1129 2285 1179 R.
2307 1128 2394 1178 hae
2415 1140 2505 1191 qua
2525 1123 2717 1189 quisque

509 1210 645 1261 Edd-
679 1209 847 1277 quad.

1507 1313 1721 1366 NOTAE

506 1435 768 1503 spondent
785 1435 895 1484 axis
916 1433 1171 1484 secundus
1195 1439 1250 1483 et
1269 1438 1385 1483 rota
1399 1436 1572 1497 poste-

502 1513 641 1576 rior,
681 1526 941 1577 uunquam
978 1509 1203 1572 attinges
1249 1509 1385 1559 diem
1429 1508 1574 1557 illurn

505 1582 807 1649 crastiuum,
841 1600 941 1652 quo
986 1584 1171 1634 statuis
1212 1584 1446 1646 meliora,
1484 1582 1574 1647 qui

504 1664 828 1731 significatur
853 1678 950 1727 per
973 1670 1139 1712 rotam
1176 1661 1422 1725 priorem,
1459 1674 1574 1725 quae

506 1742 737 1792 volvitur
795 1754 1000 1804 semper
1046 1745 1167 1787 ante
1223 1738 1577 1801 posteriorem,

506 1833 676 1884 neque
696 1832 917 1882 unquam
937 1814 1212 1879 attingitur
1230 1814 1293 1863 ab
1307 1828 1387 1877 ea,
1404 1828 1579 1880 quarn-

508 1896 588 1946 vis
606 1895 654 1944 ei
674 1895 927 1960 proxima.

572 1978 636 2023 78
672 1972 917 2021 libertate
949 1984 1063 2033 opus
1093 1969 1185 2032 est]
1247 1967 1581 2018 obstinatum

508 2050 563 2098 in
584 2048 724 2098 vitiis
759 2048 1007 2109 juvenem
1049 2045 1351 2109 aggreditur
1371 2044 1582 2092 Persius

508 2139 644 2175 nova
678 2123 899 2188 quadam
923 2127 977 2171 et
1000 2121 1175 2171 subtili
1199 2122 1417 2179 ratione,
1448 2120 1582 2168 scili-

512 2207 600 2251 cet
623 2199 875 2249 libertatis
893 2211 1064 2247 amore
1083 2211 1143 2247 ac
1161 2196 1472 2246 necessitate
1493 2212 1506 2243 ε
1527 2202 1584 2245 et

512 2292 578 2327 ex
601 2275 871 2326 occasione
897 2280 1091 2324 tractat
1113 2274 1381 2337 eleganter
1396 2277 1451 2320 et
1470 2269 1582 2319 fuse

511 2352 833 2419 paradoxum
884 2350 1013 2400 illud
1069 2349 1393 2398 Stoicorum:
1447 2347 1582 2395 solos

513 2431 776 2496 sapientes
816 2443 927 2478 esse
984 2428 1199 2479 liberos:
1259 2425 1323 2476 de
1370 2439 1471 2491 quo
1528 2430 1585 2474 et

512 2509 651 2559 Tull.
674 2505 851 2571 parad.
885 2511 933 2555 5.

582 2585 695 2634 Non
713 2583 821 2647 hac]
870 2584 1097 2647 Ergone,
1138 2596 1169 2630 o
1202 2579 1425 2629 Romani
1465 2577 1585 2626 ado-

516 2663 794 2722 lescentes,
840 2659 1134 2708 libertatem
1190 2657 1318 2706 adeo
1350 2656 1586 2719 jactatis,

517 2741 636 2790 dum
662 2736 796 2788 servi
832 2737 959 2785 estis
985 2734 1331 2798 cupiditatum
1350 2747 1410 2781 ac
1436 2731 1586 2780 vitio·

516 2830 628 2865 rum
649 2817 668 2864 ἓ
704 2813 785 2863 An
810 2811 956 2861 vobis
980 2810 1223 2860 videmini
1247 2809 1370 2857 satis
1395 2820 1506 2856 esse
1527 2821 1587 2855 ac

514 2903 641 2940 vere
671 2887 823 2938 liberi
862 2894 918 2936 et
939 2886 1165 2951 ingenui,
1205 2884 1357 2933 modo
1380 2883 1585 2932 liberta-

517 2972 627 3016 tem
690 2963 946 3012 duntaxat
1001 2962 1206 3012 civilem
1258 2960 1587 3025 possideatis,

517 3045 725 3112 qualem
751 3042 847 3091 sibi
870 3040 1102 3091 vindicat
1135 3045 1464 3103 ostentatque
1486 3051 1591 3087 ser-

518 3135 613 3170 vus
633 3117 840 3168 herivei
862 3116 1013 3166 hodie
1031 3115 1396 3165 manumissus?
1423 3114 1590 3163 Immo

518 3197 766 3248 libertate
805 3193 962 3244 animi
996 3208 1124 3257 opus
1155 3198 1254 3254 est,
1298 3206 1396 3241 uec
1440 3189 1594 3239 aliter

523 3273 795 3342 quisquam
825 3271 962 3320 liber
998 3275 1052 3318 et
1090 3269 1340 3331 ingenuus
1389 3265 1595 3315 censeri

521 3354 701 3404 debet.
750 3350 972 3401 Tertull.
990 3348 1081 3397 lib.
1113 3347 1179 3398 de
1215 3348 1429 3395 Resurr.
1476 3346 1491 3373 ‘
1512 3345 1596 3394 Li-

521 3433 736 3483 bertate
759 3444 889 3493 opus
915 3432 997 3476 est
1021 3425 1084 3474 ad
1124 3424 1386 3484 virtutem,
1428 3421 1598 3486 inquit

523 3510 759 3571 Persius,
804 3522 906 3556 nou
940 3520 1005 3554 ea
1041 3518 1142 3568 qua
1166 3501 1301 3551 servi
1325 3500 1599 3562 donantur,

525 3592 582 3637 et
637 3584 963 3636 ascribuntur
1004 3581 1093 3629 uni
1141 3578 1413 3638 Tribuum,
1471 3584 1600 3641 puta

526 3663 765 3714 Velinae-³

553 3745 563 3752 “
602 3740 669 3788 Ut
701 3738 895 3802 quisque
945 3735 1130 3798 Velina,
1164 3732 1270 3796 ξι]
1327 3729 1515 3780 Statim
1538 3744 1599 3778 ac

526 3815 581 3866 in
604 3815 903 3863 libertatem
945 3818 1169 3861 assertus
1195 3810 1409 3875 quisque
1434 3807 1485 3855 iu
1510 3806 1600 3855 ali·

531 3906 685 3956 quam
701 3905 731 3939 e
748 3890 996 3940 Romanis
1019 3888 1277 3937 Tribubus
1295 3884 1604 3935 transcribe-

525 3969 706 4029 batur‚
740 3982 790 4015 V.
835 3982 886 4030 g.
913 3966 1251 4030 Esquilinam,
1285 3962 1600 4024 Palatinam,

527 4031 798 4093 Velinam:
828 4047 934 4089 tum
951 4041 1072 4103 jure
1098 4039 1308 4102 publico
1324 4037 1603 4101 gaudebat,

529 4125 587 4170 et
609 4116 961 4170 communibus
990 4114 1180 4164 civium
1199 4113 1559 4163 emolumentis
1587 4130 1602 4174 3

533 4197 699 4264 qualis
737 4202 815 4246 est
852 4207 1074 4259 annona,
1120 4207 1212 4243 seu
1249 4191 1604 4244 frumentatio.

1652 1429 1870 1494 Triplex
1913 1426 2175 1478 libertatis
2218 1437 2377 1488 genus
2422 1422 2534 1484 lege
2579 1418 2718 1482 apud

1655 1508 1810 1559 Alex.
1833 1502 2078 1558 ab‘Alex.
2105 1518 2225 1555 xiv·
2250 1508 2330 1552 10.

1728 1586 1915 1649 Velina]
1950 1587 1965 1612 ‘
1985 1582 2088 1635 Qui
2129 1580 2368 1630 Velinum
2393 1577 2532 1627 circa
2552 1577 2721 1625 lacum

1655 1662 1977 1722 babitabant,
1999 1661 2213 1709 Romam
2235 1655 2471 1706 translati
2495 1660 2647 1714 sunt;
2670 1659 2723 1702 et

1656 1740 1845 1788 Velina
1869 1736 2033 1786 tribus
2072 1748 2286 1783 numero
2311 1732 2526 1780 aliarum
2550 1744 2724 1778 acces·

1661 1814 1764 1865 sit.’
1798 1817 1942 1865 vett.
1968 1813 2138 1863 Gloss.
2156 1810 2293 1859 Vide
2311 1808 2464 1859 Alex.
2484 1806 2553 1856 ab
2570 1806 2724 1857 Alex.

1660 1907 1699 1941 1.
1723 1895 1807 1942 17.
2659 1921 2665 1925 ,

1726 1972 1789 2017 74
1825 1965 2021 2016 Publius
2040 1961 2261 2027 emeruit]
2304 1961 2465 2015 Quasi
2490 1967 2729 2024 tempore

1665 2045 1932 2096 servitutis
1975 2049 2177 2104 exacto,
2211 2040 2510 2090 libertatem
2543 2039 2731 2087 merito

1667 2139 1759 2173 suo
1783 2128 2113 2182 consecutus,
2154 2116 2372 2167 Patroni
2410 2116 2489 2164 sui
2534 2129 2734 2178 praeno-

1663 2215 1781 2249 meu
1816 2198 1899 2263 (ut
1920 2194 2005 2262 fit)
2041 2195 2271 2256 assumit,
2312 2193 2449 2258 quod
2468 2191 2604 2241 servi
2622 2191 2732 2240 nul-

1664 2276 1769 2324 lum
1806 2272 2099 2323 habebant:
2142 2277 2195 2321 et
2241 2269 2411 2318 dictus
2441 2284 2485 2317 v,
2510 2282 2563 2329 g.
2595 2266 2736 2315 Pub·

1663 2353 1761 2401 lius
1802 2349 2029 2400 Licinius
2070 2347 2274 2395 Velina.
2334 2343 2572 2392 Emeruit.
2619 2341 2734 2390 Me-

1663 2429 1809 2495 taph.
1837 2443 1866 2476 a
1888 2425 2155 2487 militibus,
2180 2422 2266 2488 qui
2280 2423 2500 2472 honesta
2521 2419 2589 2468 de
2614 2432 2734 2479 cau·

1665 2522 1720 2556 sa
1740 2506 2017 2554 mittuntur
2056 2501 2282 2562 domum,
2307 2505 2364 2549 et
2393 2499 2645 2548 immunes
2680 2494 2737 2545 fi-

1666 2590 1762 2633 unt
1785 2582 2034 2644 deinceps
2052 2594 2082 2628 a
2107 2578 2366 2627 bellando.

1735 2660 2005 2709 Scabiomtm
2030 2655 2144 2719 far]
2180 2654 2530 2715 Immundum,
2568 2658 2742 2716 putre,

1667 2735 2055 2801 gurgulionibus
2073 2746 2302 2781 exesum.
2369 2731 2526 2779 Forte
2551 2727 2740 2777 intelli·

1671 2813 1747 2877 git
1774 2826 1958 2876 panem
1983 2822 2268 2870 acetosum,
2289 2805 2573 2866 sordidum,
2603 2804 2742 2853 cani·

1671 2904 1810 2939 num.
1878 2889 2084 2951 Mgunt
2115 2885 2224 2946 alii,
2262 2880 2552 2942 scabrosum,
2565 2879 2617 2929 id
2641 2887 2741 2941 est,

1675 2979 1933 3030 asperum,
1982 2962 2106 3025 vile,
2143 2976 2252 3025 prae
2292 2966 2557 3010 vetustate
2594 2972 2745 3021 rugo·

1677 3058 1808 3092 sum.

1747 3117 1991 3168 Tesserulu
2003 3114 2092 3176 sur
2113 3112 2348 3177 possidet]
2380 3111 2396 3139 ‘
2420 3110 2524 3165 Qui
2548 3125 2615 3160 ex
2640 3124 2743 3159 ma·

1673 3195 1987 3244 numissioue
2021 3193 2160 3240 cives
2201 3189 2419 3240 Romani
2450 3186 2744 3237 efficieban-

1674 3278 1778 3333 tur,
1820 3270 1873 3318 iu
1917 3282 2128 3317 numero
2166 3268 2355 3317 civium
2397 3267 2744 3315 Romanorum

1675 3347 1990 3396 frumentum
2056 3345 2320 3408 publicum
2376 3337 2764 3405 accipiebant),

1676 3426 1824 3474 vett.
1846 3424 2017 3473 Gloss.
2039 3429 2092 3470 et
2110 3420 2315 3484 quidem
2345 3419 2529 3481 gratis,
2543 3431 2609 3465 ex
2635 3416 2746 3479 lege

1677 3501 1784 3549 lata
1806 3515 1836 3548 a
1857 3498 2044 3548 Publio
2073 3497 2253 3546 Clodio
2284 3494 2517 3543 Tribuno
2552 3491 2747 3552 Plebis,

1678 3577 1869 3644 Pisone
1893 3581 1948 3624 et
1970 3573 2194 3624 Gabinio
2218 3570 2543 3632 Consulibus,
2568 3575 2626 3618 ut
2659 3582 2748 3616 no·

1682 3659 1763 3703 tat
1780 3650 2057 3700 Paedianus
2081 3647 2146 3697 ad
2174 3646 2327 3696 Orat.
2348 3644 2505 3693 Tullii
2530 3645 2581 3692 iu
2605 3642 2751 3691 Piso-

1681 3745 1816 3780 nem.
1894 3728 2108 3778 Scilicet
2159 3740 2374 3774 aunonae
2428 3722 2752 3773 Procurator

1682 3822 1919 3871 magnam
1945 3801 2220 3870 quotannis
2243 3800 2490 3850 frumenti
2516 3801 2618 3848 vim
2651 3798 2753 3847 col-

1681 3885 1898 3949 ligebat,
1935 3889 1989 3931 et
2035 3880 2285 3943 erogabat
2333 3878 2396 3926 iis
2436 3875 2748 3942 pauperibus

1681 3963 1769 4028 qui
1795 3969 2043 4009 tesseram
2084 3973 2173 4006 seu
2210 3963 2383 4006 notam
2411 3960 2534 4004 ante
2573 3951 2749 4001 datam

1684 4042 2141 4102 repraesentarent,
2177 4049 2278 4098 qua
2313 4033 2453 4092 cives
2489 4030 2748 4080 Romanos

1682 4130 1794 4166 esse
1847 4119 2128 4163 constaret.
2215 4111 2278 4159 In
2321 4124 2386 4158 ea
2424 4105 2756 4157 scribebatur

1684 4206 1873 4242 nomen
1888 4189 2105 4241 bominis
2127 4195 2182 4239 et
2201 4186 2406 4250 Tribus,
2428 4199 2477 4233 v.
2501 4197 2555 4250 g.
2611 4179 2750 4232 Pub·
