3050 4913
399 313 402 318 ⁴
516 333 655 400 oeo
1190 345 1579 397 nncnnsus
1639 346 2069 396 itm-nomm

529 539 534 548 ·
595 499 895 560 saubonus
931 499 1226 560 recensuit
1257 508 1320 559 et
1358 500 1780 582 commentario
1818 499 1970 560 libro
1997 500 2324 562 illustravit.
2355 499 2602 562 Parisiis.
2630 504 2713 566 Η.

393 626 402 636 ·
527 645 538 656 .
600 597 879 672 Drouart.

526 691 674 754 1621
725 695 971 764 Parmae,
1000 702 1060 752 4.
1091 692 1302 752 Asterii
1324 692 1534 752 Manlii
1560 691 1616 751 in
1649 709 1697 752 1.
1724 701 1787 752 et
1812 709 1895 753 11.
1916 693 2093 754 Persii
2121 695 2387 773 Satyrum
2416 714 2719 755 commen-

600 788 780 848 tarius
808 798 869 849 et
895 798 1071 849 notae.

525 880 679 945 1625
721 883 996 944 Norimb.
1054 893 1147 944 12.
1200 884 1426 943 Persius
1472 903 1530 943 c.
1579 903 1638 945 n.
1687 885 2018 962 posthumis
2057 886 2152 945 Jo.
2194 885 2385 946 Bond.
2414 886 2489 945 V.
2518 886 2723 946 Fabri·

602 981 760 1040 cium
789 982 831 1040 1.
860 1000 914 1042 c.
1866 1021 1873 1026 -

526 1076 675 1139 1631
709 1077 977 1137 Norimb.
1013 1085 1106 1138 12.
1136 1079 1366 1140 Persius
1385 1098 1442 1138 c.
1470 1099 1531 1140 n.
1561 1079 1885 1158 posthumis
1911 1081 1947 1140 J
1954 1124 1969 1138 .
1997 1079 2192 1138 Bond.

529 1171 681 1234 1635
721 1175 908 1245 Jenoe,
963 1183 1056 1236 12.
1105 1177 1178 1233 A.
1227 1176 1404 1235 Persii
1451 1177 1676 1255 Satyrae
1715 1195 1771 1236 c.
1800 1195 1860 1234 n.
1886 1176 1943 1235 J.
1976 1176 2063 1233 M.
2090 1175 2365 1236 Dilherri.
2408 1176 2549 1236 vid.
2580 1177 2718 1237 Cat.

527 1319 535 1326 .
603 1270 756 1331 Bibl.
789 1269 1096 1330 Zechianae
1125 1271 1289 1348 Lips.
1326 1271 1507 1333 1680.
1532 1292 1595 1350 p.
1625 1269 1727 1342 69.
1755 1292 1813 1332 n.
1848 1270 2027 1332 1168.

683 1367 782 1426 Ab
801 1363 1012 1425 eodem
1059 1365 1330 1425 Dilherro
1376 1385 1531 1426 anno
1580 1386 1703 1446 seq.
1749 1367 2001 1445 Satyrici
2043 1367 2295 1428 minores
2321 1368 2399 1429 de
2426 1369 2720 1448 corruptis

605 1461 809 1522 saeculi
836 1462 1115 1534 moribus,
1137 1463 1267 1523 val.
1296 1463 1468 1533 Cato,
1499 1462 1826 1536 Petronius,
1869 1462 2134 1542 Sulpicia
2159 1465 2405 1542 poetria,
2430 1469 2548 1525 διο.
2573 1464 2721 1526 editi

606 1568 764 1620 sunt.

531 1652 686 1715 1644
727 1654 1014 1733 Friburgi,
1043 1663 1100 1715 8.
1130 1655 1381 1716 Persius.

529 1749 685 1811 1645
726 1752 975 1811 Amstel.
1011 1760 1081 1812 12
1113 1750 1254 1827 maj.
1281 1750 1513 1811 Persius
1559 1771 1614 1811 c.
1656 1749 1985 1827 posthumis
2022 1752 2453 1812 commentariis
2476 1753 2721 1814 Ioannis

604 1847 798 1916 Bond,
825 1846 1038 1925 quibus
1062 1867 1266 1907 recens
1287 1848 1533 1909 accessit
1558 1847 1735 1908 index
1757 1847 2107 1908 verborum:
2149 1867 2307 1909 nunc
2332 1849 2590 1927 primum
2614 1869 2722 1909 ex·

604 1960 798 2001 cusus.
827 1942 1078 2002 Amstel.
1107 1942 1269 2021 apud
1296 1943 1390 2003 Jo.
1421 1944 1814 2004 Janssonium.

532 2034 685 2103 1647
727 2036 920 2096 Lond.
951 2046 1007 2097 8.
1038 2038 1268 2098 Persius
1306 2039 1664 2110 casauboni,
1712 2056 1820 2099 111.
1851 2038 2070 2099 editio:
2114 2043 2190 2099 A.
2218 2037 2399 2099 Persii
2430 2040 2518 2101 Fi.
2549 2042 2724 2120 Saty-

605 2149 797 2190 rarum
827 2131 1025 2204 Liber,
1057 2152 1192 2192 cum
1222 2134 1350 2211 ejus
1366 2134 1502 2206 vita,
1525 2142 1721 2195 vetere
1738 2135 2069 2206 scholiaste,
2092 2145 2154 2195 et
2181 2136 2364 2196 Isaaci
2383 2135 2724 2196 casauboni

605 2225 784 2297 notis,
827 2226 929 2304 qui
974 2246 1107 2286 eum
1143 2229 1440 2289 recensuit
1476 2238 1540 2290 et
1576 2231 1988 2290 commentario
2028 2231 2180 2291 libro
2225 2231 2559 2303 illustravit,
2607 2251 2723 2291 una

605 2340 743 2380 cuni
770 2320 964 2398 ejusd.
1004 2322 1280 2383 Persiana
1321 2324 1553 2384 Horatii
1589 2324 1927 2387 imitatione.
1993 2326 2194 2386 Editio
2217 2327 2552 2400 novissima,
2582 2347 2727 2389 auc-

531 2458 538 2463 -
603 2416 721 2477 tior
764 2425 824 2478 et
866 2417 1232 2480 emendatior
1271 2439 1344 2480 ex
1388 2419 1571 2500 ipsius
1617 2423 1876 2483 auctoris
1922 2422 2168 2485 codice:
2232 2443 2379 2485 cura
2424 2434 2486 2486 et
2535 2444 2722 2504 opera

607 2513 816 2575 Merici
862 2514 1196 2575 Casauboni
1258 2518 1338 2578 Is.
1395 2518 1460 2577 Ρ.
1517 2519 1790 2579 Accessit
1851 2528 1912 2580 et
1958 2522 2327 2593 Graecorum,
2396 2521 2500 2581 ubi
2568 2540 2722 2600 opus

527 2642 542 2657 ·-
603 2620 748 2681 erat,
806 2611 1229 2690 interpretatio,
1287 2613 1424 2675 item
1487 2614 1676 2675 Index
1735 2626 2065 2690 auctorum,
2131 2637 2343 2691 rerum,
2405 2618 2724 2681 verborum

600 2705 1111 2786 locupletissimus.

1434 2869 1665 2931 AETAS
1706 2871 1813 2932 lv.

956 3061 1193 3111 lesu
1238 3063 2291 3139 CAsAUBoN10·3011RBvssL1A15A.

764 3210 863 3271 Ab
890 3229 986 3270 au.
1018 3210 1195 3275 1648.
1224 3212 1302 3273 ad
1332 3222 1592 3274 nostram
1634 3233 1820 3293 usque
1863 3222 2093 3274 aetatem
2136 3209 2482 3289 procedens.

527 3352 684 3417 1658
725 3353 908 3417 Paris.
950 3363 1007 3417 8.
1036 3354 1267 3416 Persius
1310 3357 1413 3416 lat.
1451 3366 1510 3416 et
1555 3357 1694 3437 gau.
1722 3376 1869 3418 avec
1912 3355 2022 3417 des
2048 3374 2523 3434 remarques.par
2545 3354 2602 3415 le
2628 3356 2720 3419 δι.

604 3449 861 3511 Gesrier.
1638 3464 1649 3475 ⁸

531 3543 684 3607 1664
725 3546 973 3608 Amstel.
1038 3555 1133 3608 12.
1194 3548 1443 3611 Elzevir.
1501 3546 1737 3611 Persius
1786 3567 1841 3608 c.
1884 3546 2303 3608 commentario
2345 3546 2500 3607 Dav.
2541 3545 2724 3607 wed-

573 3674 586 3691 .
606 3639 881 3702 derburni
919 3642 1099 3717 Senti,
1138 3643 1594 3719 Aberdonensis‚
1638 3644 1850 3704 edente
1889 3651 2028 3725 post
2051 3641 2241 3703 fratris
2270 3651 2520 3703 mortem
2546 3642 2722 3704 Alex.

603 3737 1067 3800 Wedderburno.

529 3829 682 3892 1668
727 3834 968 3896 Amstel.
1001 3845 1097 3897 12.

530 3926 685 3998 1690
739 3929 1009 4009 Neapoli.
1080 3929 1309 3991 Persius
1370 3950 1506 3991 cum
1565 3932 1796 3990 Comm.
1857 3930 2040 3990 Henr.
2103 3929 2362 4003 Scalesii,
2425 3928 2577 3991 Ord.
2623 3930 2718 3989 Fr.

600 4044 770 4105 pecc.
812 4033 849 4086 3
891 4028 1029 4088 voll.
1085 4049 1220 4107 quae
1280 4028 1504 4107 singula
1544 4035 1823 4088 constant
1865 4033 1983 4088 500
2023 4045 2199 4106 pagg.
2282 4029 2436 4097 Quae
2476 4026 2572 4088 ed.
2615 4044 2719 4093 no·

531 4186 534 4191 ,
575 4122 691 4207 ιΙιίε.
732 4142 852 4187 non
892 4125 1148 4203 cognita,
1189 4123 1300 4184 nisi
1358 4144 1430 4184 ex
1491 4125 1548 4184 J.
1592 4123 1748 4187 Rud.
1789 4123 2012 4187 Sinneri
2049 4122 2221 4203 praef.
2262 4122 2447 4196 Persii
2487 4121 2576 4184 sui
2616 4119 2714 4189 ed.

607 4216 780 4287 1765.
