3050 4913
520 403 655 472 262

527 566 844 627 preceptor,
863 563 1034 614 cultor
1054 569 1113 614 et
1132 561 1445 628 informator,
1480 563 1590 613 illo·

524 653 638 689 rum
683 654 833 689 aures
875 639 941 689 ab
983 640 1217 689 omnibus
1256 639 1489 689 sordibus
1535 647 1589 690 et

524 715 852 779 opinionibus
903 703 1163 779 purgatas,
1207 716 1356 779 fruge
1406 717 1590 766 Clean-

526 791 665 854 thea,
703 797 757 840 et
791 791 971 841 Stoica
1008 792 1283 854 disciplina
1317 792 1500 841 inseris
1534 796 1591 842 et

524 867 818 931 implantas.
838 868 1459 933 ubia.-Purgam,s·e.]
1493 868 1591 918 Co-

527 941 611 999 lis,
641 943 825 1007 iuquit,
854 944 1105 1007 Juvenum
1141 945 1365 995 animos:
1411 952 1590 1008 atque,

524 1022 587 1066 ut
604 1017 803 1081 peritus
820 1019 1050 1081 colonus,
1070 1019 1287 1082 primum
1303 1034 1334 1068 a
1348 1020 1590 1069 vitiorum

525 1094 753 1144 sentibus
777 1110 864 1144 eos
889 1111 1107 1160 purgas;
1141 1095 1327 1145 deinde
1347 1095 1496 1160 fruge
1514 1097 1591 1145 in·

526 1171 652 1220 seris
673 1172 879 1220 moralis
903 1172 1249 1235 Philosophiae
1279 1172 1590 1222 Stoicorum.

528 1245 636 1296 Pro
659 1247 826 1295 auimo
846 1262 985 1296 aures
1007 1249 1251 1309 nominat,
1267 1248 1386 1311 quia
1409 1247 1588 1299 auditu

529 1321 783 1371 doctrina
810 1323 1448 1387 percipiuntur.—Iaseris‚
1476 1324 1586 1387 ξω]

528 1397 747 1447 variata
769 1413 864 1462 per
885 1400 1196 1463 hypallagen
1218 1401 1411 1450 locutio
1432 1418 1446 1448 ε
1481 1414 1586 1449 non

528 1473 665 1523 enim
688 1489 809 1523 arva
833 1475 1048 1524 serimus
1084 1477 1134 1524 in
1173 1474 1342 1540 fruge,
1371 1477 1463 1526 sed
1486 1476 1588 1526 fru-

527 1551 718 1613 gemin
752 1552 903 1602 arvis.
967 1552 1053 1602 Sic
1082 1560 1138 1602 et
1170 1555 1377 1603 auribus
1395 1549 1589 1616 fruges,

529 1625 584 1674 id
606 1632 703 1688 est,
725 1626 1013 1690 disciplinae
1036 1630 1343 1693 inseruntur,
1359 1645 1462 1679 non
1481 1629 1589 1679 fru-

530 1701 678 1766 gibus
721 1717 891 1754 aures.
962 1705 1262 1755 Cleonaeum
1300 1707 1452 1767 dixit,
1491 1722 1588 1770 pro

529 1777 720 1828 Stoica.
757 1779 956 1829 Casani».
1015 1782 1135 1831 Fuit
1154 1783 1429 1833 Cleanthes
1452 1784 1587 1833 Pha·

528 1854 606 1902 nis
645 1853 800 1916 filius,
835 1857 1077 1920 Zenonis,
1097 1861 1180 1908 cui
1209 1861 1482 1921 successit,
1503 1875 1590 1909 au·

527 1932 682 1983 ditor.
751 1935 924 2000 Hujus
953 1937 1218 2000 diligentia
1239 1939 1367 1988 abiit
1389 1939 1439 1987 in
1475 1953 1593 2001 pro-

527 2009 778 2061 verbium.
843 2014 982 2063 Nam
1022 2014 1110 2062 uhi
1148 2013 1269 2079 quid
1290 2029 1485 2063 summa
1505 2030 1593 2064 cu·

529 2098 587 2135 ra
619 2093 675 2136 et
704 2087 959 2139 industria
988 2090 1310 2140 elaboratum
1335 2091 1590 2153 significa·

529 2174 661 2223 mus,
683 2162 750 2211 ad
786 2164 1048 2214 Cleanthis
1073 2166 1335 2215 lucernam
1359 2166 1591 2216 elabora·

531 2243 641 2286 tum
663 2236 895 2288 dicimus.
928 2239 1097 2289 Lubia.

593 2315 658 2361 64
692 2313 882 2375 Petite]
914 2314 1105 2364 Sensus
1124 2322 1236 2365 est:
1271 2317 1376 2365 Vos
1398 2330 1592 2377 omnes,

530 2388 713 2453 quibus
737 2387 845 2438 vita
866 2397 920 2438 et
943 2390 1078 2439 salus
1096 2405 1235 2440 curae
1252 2396 1352 2452 est,
1378 2391 1591 2455 quicun-

529 2477 629 2528 que
648 2463 806 2513 etiam
827 2465 971 2527 estis,
1002 2465 1113 2515 laiac
1144 2481 1209 2515 ex
1241 2466 1511 2532 sapientia,
1534 2474 1592 2517 et

531 2539 739 2605 quidem
777 2541 1054 2606 disciplina
1086 2543 1276 2605 Stoica,
1308 2550 1507 2594 certum
1531 2542 1591 2592 fi·

530 2630 666 2674 nem.
689 2617 756 2667 ad
787 2634 939 2684 quem
975 2626 1147 2670 vestra
1184 2621 1327 2671 dicta
1352 2626 1407 2670 et
1448 2619 1592 2671 facta

527 2701 789 2758 spectent,
809 2695 1044 2759 diligito;
1078 2701 1134 2745 et
1148 2696 1291 2746 vobis
1308 2696 1450 2747 seuio
1467 2710 1591 2745 con·

527 2767 682 2819 fectis
722 2771 984 2835 canisque,
1016 2771 1205 2821 viatico
1248 2772 1347 2821 hoc
1391 2772 1594 2835 prospi-

526 2846 1026 2910 cita—Juvenum,
1045 2848 1153 2911 ξω]
1187 2846 1431 2897 Omnium
1453 2846 1592 2896 enim

529 2930 585 2971 et
629 2924 945 2987 singulorum
988 2923 1229 2988 interest,
1272 2930 1331 2974 ut
1369 2924 1591 2987 sapiant.

590 3078 653 3124 6⁵
690 3074 880 3139 finem]
937 3077 1055 3127 Hoc
1088 3076 1226 3127 enim
1265 3091 1383 3127 cum
1412 3078 1591 3142 primis

527 3151 861 3216 Philosophia
898 3153 1070 3217 docet,
1091 3168 1156 3204 ne
1186 3155 1467 3218 jactemur,
1495 3154 1588 3204 sed

526 3227 721 3291 aliquid
747 3228 880 3277 certi
902 3236 1026 3280 voto
1044 3237 1361 3294 expetamus.
1416 3231 1587 3281 Hora·

526 3302 663 3352 tius:
697 3302 714 3330 ‘
738 3303 952 3354 Certum
996 3311 1117 3355 voto
1159 3310 1282 3369 pete
1324 3303 1588 3355 finem.'-—

524 3378 839 3442 Miser-isque]
897 3379 1117 3430 Senibus
1171 3380 1585 3431 canescentibus.

525 3454 744 3518 Miser-is,
766 3456 889 3519 quia
912 3469 1058 3505 senes
1094 3455 1191 3506 nisi
1213 3457 1482 3521 sapientiae
1516 3457 1589 3507 vi-

524 3531 663 3581 atico
696 3532 880 3581 muniti
920 3533 1041 3596 sint,
1072 3534 1243 3583 mIseri
1263 3540 1384 3583 sunt
1406 3533 1587 3584 futuri.

521 3608 807 3672 —Viatied
859 3609 1236 3673 Philosophiam
1266 3616 1321 3659 et
1341 3610 1587 3674 sapienti-

524 3698 624 3735 am.
691 3684 896 3735 Alludit
933 3684 997 3734 ad
1030 3685 1408 3750 apophthegma
1432 3685 1587 3736 Bian-

525 3758 619 3809 tis:
650 3760 666 3789 ⁴
688 3761 845 3811 Certe
862 3760 1113 3824 optimum
1124 3759 1286 3811 virtus
1305 3760 1586 3811 viaticum-⁹

586 3915 653 3961 66
689 3911 942 3975 erasme]
989 3912 1242 3963 Inseritur
1261 3911 1373 3976 jam
1394 3910 1586 3963 desidis

520 3986 786 4051 cuiusdam
810 3987 1016 4049 ,iuvenis
1049 3988 1391 4053 dialogismus,
1411 3990 1586 4039 dicen·

520 4063 624 4115 tls:
675 4062 827 4115 Quod
855 4062 1030 4127 jubes,
1064 4077 1179 4114 cras
1220 4078 1489 4129 exsequar,
1529 4071 1585 4115 et

520 4152 638 4190 eras
679 4138 891 4188 virtutis
935 4145 990 4187 et
1041 4140 1312 4203 sapientiae
1357 4140 1584 4191 studium

519 4215 675 4278 serio,
693 4222 750 4266 et
767 4215 949 4266 sedulo
966 4228 1248 4279 capessam.
1267 4216 1418 4266 Iden.
1453 4215 1584 4267 Cum

520 4289 647 4343 illud
660 4291 772 4356 J'am
795 4291 957 4353 venit,
980 4290 1058 4342 ibi
1086 4305 1264 4345 rursus
1280 4291 1418 4342 idem
1441 4292 1581 4356 quod

1228 420 1444 471 No'rAE
1495 417 1900 470 vammum
1947 418 2030 468 ΙΝ

1669 577 1725 613 se
1758 561 1915 613 hodie
1936 561 2195 612 facturum
2234 561 2600 627 pollicebatur,
2621 574 2742 612 eras

1665 639 2109 702 fiet.-Quid,⁸sc.]
2134 639 2273 693 Quid
2294 641 2313 687 ἲ
2346 639 2585 689 nimirum
2603 639 2741 688 adeo

1664 729 1745 763 me
1772 729 1923 777 urges
1947 715 1965 761 ?
2000 715 2164 765 Quasi
2186 728 2421 774 magnum
2447 721 2502 762 et
2521 714 2740 762 immen-

1663 804 1774 839 sum
1815 790 2020 854 aliquod
2065 789 2311 853 temporis
2349 790 2599 851 spacium,
2624 794 2737 837 ate

1666 866 1873 929 petam?
1907 865 2111 929 Nempe
2140 866 2345 914 unicum
2373 871 2568 913 tantum
2594 863 2737 912 diem

1665 941 2083 1003 donam—Quasi,
2116 943 2221 1005 qma]
2273 943 2357 991 Sic.
2383 944 2605 1005 juvenes
2645 940 2740 989 ad-

1663 1018 1865 1080 moniti,
1894 1026 1954 1068 ut
1991 1019 2118 1069 vitia
2150 1020 2431 1082 corrigant,
2453 1019 2735 1083 studiaque

1665 1095 1871 1144 virtutis
1891 1101 1947 1143 et
1963 1094 2253 1144 litterarum
2272 1095 2574 1158 suscipiant,
2596 1094 2739 1144 diesu

1664 1185 1729 1220 ex
1757 1170 1841 1219 die
1867 1169 2101 1231 ducunt;
2155 1185 2272 1220 uam
2306 1171 2428 1236 quia
2462 1169 2574 1218 dies
2604 1184 2740 1219 unua

1665 1246 1787 1297 vitae
1827 1247 1905 1296 vel
1930 1247 2144 1297 modicoe
2179 1261 2296 1311 pars
2320 1246 2613 1296 multesima
2633 1252 2739 1309 est,

1662 1323 1780 1373 ideo
1810 1325 2070 1387 jacturam
2112 1325 2260 1374 unius
2305 1325 2411 1374 diei
2449 1338 2544 1387 pro
2576 1323 2740 1371 nihilo

1665 1401 1917 1465 pendunt.
1956 1403 2155 1451 Cosuab.

1726 1481 1789 1526 67
1815 1476 2146 1543 Sedunum]
2162 1476 2462 1540 Respondet
2481 1477 2732 1535 Persian

1665 1553 1794 1601 Cum
1810 1552 1917 1615 jam
1942 1567 2007 1601 ex
2044 1553 2132 1602 illo
2171 1568 2285 1602 cras
2324 1553 2477 1602 hodie
2516 1551 2738 1615 factum,

1664 1635 1720 1677 et
1746 1628 1833 1675 lux
1868 1628 1956 1676 illa
1981 1628 2165 1689 altera,
2205 1643 2308 1694 qua
2331 1635 2383 1677 te
2409 1628 2739 1690 incepturum

1666 1703 2024 1765 promittebas,
2057 1706 2219 1766 venit,
2253 1712 2309 1754 tu
2343 1703 2569 1752 nondum
2608 1704 2740 1752 inci·

1665 1777 1767 1840 pis,
1786 1785 1840 1825 et
1863 1779 2003 1827 aliud
2029 1785 2187 1844 atque
2212 1779 2341 1827 illud
2366 1792 2478 1828 cras
2500 1777 2596 1827 tibi
2620 1792 2740 1842 pos-

1670 1854 1826 1903 tulas.
1859 1853 2033 1903 Labs'n.

1729 1932 1794 1977 68
1830 1931 1968 1991 Cras,
1984 1929 2090 1993 θα]
2127 1930 2256 1980 Cras
2280 1930 2416 1980 euim
2434 1944 2551 1979 cum
2568 1937 2741 1979 trans-

1664 2008 1727 2068 it,
1758 2008 1870 2071 jam
1908 2009 2019 2059 heri
2044 2024 2156 2059 esse
2187 2010 2607 2074 incipit.-Eece‚
2627 2008 2740 2072 ζα]

1665 2083 1742 2133 Ut
1764 2098 1877 2133 cras
1898 2083 2028 2133 illud
2051 2100 2313 2149 nunquam
2339 2085 2434 2135 tibi
2453 2085 2606 2135 hodie
2628 2085 2743 2134 fiat.

1662 2160 1749 2208 Sic
1776 2160 2000 2209 crastina
2021 2160 2131 2210 dies
2151 2160 2303 2210 finem
2327 2161 2522 2210 nullum
2539 2161 2718 2211 habet.

1726 2238 1793 2284 69
1827 2235 2026 2299 Egerit]
2066 2237 2271 2297 Eget-ere
2286 2237 2368 2286 hic
2386 2243 2463 2286 est
2483 2237 2548 2284 de
2573 2236 2737 2286 totius

1664 2311 1785 2360 vitae
1822 2325 2019 2360 summa
2053 2312 2301 2375 paulatim
2329 2312 2638 2362 absumere:
2675 2320 2736 2362 ut

1664 2387 1754 2451 qui
1790 2387 1999 2437 condita
2032 2388 2082 2436 in
2117 2402 2254 2451 penu
2290 2402 2386 2452 per
2409 2395 2588 2452 partes
2612 2401 2731 2451 pro-

1663 2470 1827 2513 munt.
1899 2463 2239 2515 (Σαμᾶ-Εὐ
2280 2464 2482 2528 smper]
2537 2465 2735 2514 Sensus

1664 2546 1781 2590 est:
1835 2540 1905 2589 Et
1942 2540 2016 2589 sic
2053 2554 2148 2605 per
2180 2541 2277 2590 hoc
2316 2556 2451 2604 cras,
2490 2542 2727 2606 paullum

1665 2618 1771 2664 tuae
1796 2614 1942 2675 vitat,
1958 2629 2021 2663 ac
2052 2616 2223 2665 etatis
2246 2616 2404 2678 ultra,
2426 2618 2736 2682 praeterlap·

1665 2704 1776 2739 sum
1814 2695 1869 2738 et
1912 2690 2234 2754 praeteritum
2272 2692 2395 2753 erit,
2434 2692 2575 2758 quod
2608 2707 2739 2741 uun·

1665 2779 1817 2830 quam
1855 2779 2031 2815 rursus
2071 2766 2285 2831 adsequi
2325 2768 2509 2831 possis.
2554 2766 2740 2816 Lubias.

1664 2841 1784 2904 Vel,
1821 2842 2082 2892 Paulatim
2113 2857 2321 2907 semper
2359 2844 2460 2894 erit
2490 2844 2589 2893 tibi
2612 2851 2741 2894 setas

1666 2917 1926 2981 grandior,
1958 2925 2013 2968 et
2041 2918 2255 2982 propius
2278 2919 2344 2972 ad
2367 2927 2560 2970 metam
2585 2934 2740 2970 acce·

1663 2992 1774 3044 des.
1816 2993 2020 3044 Gamo.

1727 3076 1793 3121 '10
1827 3072 1974 3133 Nan,
1999 3072 2105 3134 θα]
2153 3071 2341 3121 Sensus
2378 3079 2488 3124 est:
2524 3075 2658 3125 Cras
2678 3075 2741 3125 il·

1662 3148 1749 3198 ind
1789 3148 1965 3213 paullo
2000 3155 2124 3197 aute
2155 3149 2298 3212 prius
2330 3149 2413 3198 vel
2450 3151 2593 3200 ultra
2614 3151 2745 3214 erit,

1663 3232 1718 3276 et
1758 3225 1854 3276 tibi
1885 3240 2144 3291 nunquam
2184 3226 2507 3291 apprehendi
2541 3235 2742 3292 potest.

1664 3304 1787 3353 Non
1829 3301 1992 3366 magis
2028 3316 2182 3367 quam
2241 3309 2356 3352 rota
2393 3304 2446 3352 in
2489 3305 2741 3355 curribus

1663 3376 1936 3441 posterior,
1976 3378 2202 3441 priorem
2255 3378 2485 3442 quamvis
2526 3380 2738 3431 assidue

1664 3452 1914 3517 seqnitur,
1937 3464 2197 3518 uunquam
2229 3461 2401 3504 tamen
2423 3457 2737 3521 assequitur.

1662 3531 1873 3581 Quanto
1890 3530 2025 3579 enim
2048 3530 2306 3594 posterior
2325 3531 2488 3595 magis
2511 3545 2733 3595 progre-

1662 3606 1822 3669 ditur,
1862 3606 1963 3657 hoc
2007 3606 2149 3671 prior
2189 3606 2350 3671 magis
2388 3607 2736 3671 pracedit—

1667 3683 2087 3747 Temusubuao]
2112 3683 2325 3746 Lignum
2352 3691 2433 3733 est
2457 3697 2641 3733 currus
2663 3684 2741 3735 in-

1662 3765 1745 3808 ter
1780 3774 1940 3824 equos
1967 3760 2352 3821 intermedium,
2380 3760 2569 3824 jugum
2614 3775 2737 3811 con·

1662 3836 1848 3886 tineus.
1912 3837 2085 3887 Lesbia.

1724 3915 1786 3961 ⁷1
1827 3911 2085 3975 Canthum]
2117 3912 2349 3975 Ferrum,
2366 3925 2468 3977 quo
2493 3918 2624 3963 rotoe
2646 3927 2736 3964 ex·

1658 3988 1949 4037 tremitates
1970 3987 2280 4049 vinciuntur,
2310 3993 2365 4037 et
2396 3986 2605 4052 apsides
2627 4004 2738 4038 mu·

1659 4063 1886 4117 niuntur.
1938 4063 2088 4115 Idem.

1722 4145 1787 4190 '1⁸
1810 4138 2192 4204 umorem-2]
2224 4140 2455 4202 Iudicat,
2479 4139 2737 4204 quidnam

1660 4215 2093 4281 Philosophorum
2131 4221 2307 4266 votum
2337 4222 2392 4264 et
2428 4215 2561 4265 iilud
2601 4214 2737 4267 adeo

1656 4292 1745 4356 sit,
1764 4292 1898 4357 quod
1915 4291 2197 4357 sapientia
2220 4290 2395 4345 studio
2418 4288 2736 4347 affectetutt
