3050 4913
1159 417 1611 471 suvnnsus.
2312 404 2488 473 lm

257 575 760 659 scripseramus.
882 572 1064 639 Inter
1102 572 1279 638 enim
1333 570 1855 651 deliberandum,
1909 568 2312 657 Rupertium
2359 575 2498 639 eti-

258 698 364 747 am
431 677 707 742 acutius
764 676 1034 741 easdem
1103 680 1590 761 perscrutatum
1647 695 1819 755 esse,
1882 682 1949 742 et
2005 676 2484 744 emendatiores

258 786 322 845 et
389 782 733 844 auctiores
807 777 1175 844 reddidisse
1248 781 1696 864 percepimus.
1833 779 2209 845 Statuimus
2278 780 2484 862 igitur

262 881 555 966 ejusdem
616 880 1007 946 Recensum
1078 887 1371 945 nostrum
1427 880 1721 958 reddere,
1779 886 1848 945 et
1905 880 2170 946 Lectori
2227 881 2481 948 offerre.

265 982 621 1049 Profitetur
640 983 1036 1067 Rupertius,
1057 1003 1131 1047 se
1152 991 1169 1017 ‘
1187 984 1255 1047 in
1274 983 1752 1066 antiquioribus
1769 982 2187 1047 recensendis
2205 983 2483 1066 diligen-

261 1085 491 1151 tiorem
525 1086 738 1150 fuisse
767 1106 971 1169 quam
1002 1087 1069 1150 in
1084 1086 1608 1151 recentioribus:
1651 1105 1866 1170 neque
1889 1086 2062 1149 enim
2090 1105 2240 1149 eam
2268 1087 2483 1170 potis-

259 1188 501 1253 simum
533 1188 809 1253 consilii
856 1188 963 1253 sui
1013 1188 1337 1253 rationem
1378 1187 1607 1268 fuisse,
1638 1208 1867 1252 omnes
1897 1207 1977 1252 ac
2009 1188 2303 1269 singulas
2331 1207 2482 1271 per-
2533 1190 2541 1205 '

260 1310 530 1354 censere
554 1289 592 1357 :⁹
664 1310 791 1354 nec
841 1290 1111 1374 quidem
1151 1300 1385 1355 nostra
1431 1295 1579 1370 est;
1644 1295 1709 1353 et
1755 1290 1962 1354 multo
2011 1290 2232 1352 minus
2282 1308 2482 1374 super

262 1394 485 1457 omnia
503 1394 784 1471 morari,
806 1394 927 1457 ubi
949 1392 1323 1457 claudicare
1343 1392 1452 1457 vel
1468 1391 1748 1457 deficere
1769 1393 2065 1458 videatur
2090 1392 2198 1457 Ru
2205 1394 2480 1475 pertius.

264 1494 350 1558 Et
375 1496 438 1558 si
466 1496 769 1579 paucula
794 1494 1127 1578 quaedam,
1155 1499 1224 1559 et
1241 1495 1444 1558 etiam
1474 1495 1772 1578 antiqua,
1800 1495 1887 1559 ab
1918 1514 2000 1559 eo
2028 1496 2483 1578 praetermissa

257 1598 490 1681 paucis
525 1598 1088 1675 denotaverimuS,
1118 1596 1307 1661 dabit
1334 1597 1578 1662 Lector
1605 1598 1890 1663 veniam.

338 1698 423 1764 In
446 1699 717 1784 primis,
741 1719 875 1763 uon
903 1698 1071 1763 satis
1105 1698 1308 1776 clare,
1327 1698 1437 1762 vel
1457 1698 1661 1762 etiam
1686 1704 1888 1776 recte,
1912 1698 2298 1781 designasse
2323 1696 2482 1764 edit.

262 1799 417 1866 Juv.
456 1798 858 1885 Principem,
878 1804 964 1889 ‚ut
989 1806 1285 1879 vocatur,
1315 1801 1337 1833 ‘
1358 1818 1510 1884 quae
1541 1802 1644 1878 (ut
1664 1796 1861 1883 dicit)
1877 1800 1949 1863 in
1969 1798 2119 1865 Fol.
2152 1801 2297 1864 sine
2324 1805 2485 1864 nota

264 1903 415 1982 loci,
445 1904 641 1982 anni,
672 1910 742 1967 et
785 1901 1208 1987 typographi,
1249 1903 1319 1967 in
1355 1900 1575 1966 lucem
1599 1901 1873 1985 prodiit,
1900 1921 2236 1987 quamque
2268 1896 2484 1965 Romu:

266 2006 443 2071 circa
485 2025 735 2071 annum
802 2005 1001 2070 1470.
1050 2005 1229 2088 typis
1280 2023 1606 2070 excusam
1649 2023 1798 2069 esse
1847 2004 2183 2089 probabili
2219 2002 2485 2088 judicio

264 2106 743 2191 suspicabatur
803 2104 1346 2172 Maittarius—et
1398 2104 1854 2188 flamberger:
1900 2125 2034 2171 non
2079 2105 2304 2170 multis
2335 2126 2482 2171 ver-

263 2209 363 2274 his
432 2208 1071 2275 commentabimur:
1137 2206 1255 2271 sed
1302 2208 1400 2272 ita
1461 2226 1537 2271 se
1592 2227 1730 2273 rem
1795 2208 2059 2287 habere,
2112 2207 2483 2273 consulenti

270 2306 585 2374 Biblioeh.
660 2307 882 2393 Spem.
943 2310 1334 2393 apparebit;
1403 2315 1476 2373 at
1554 2329 1675 2393 pro
1744 2315 1924 2373 certo
2004 2311 2205 2374 aliam
2285 2310 2484 2396 hujus

265 2413 521 2496 generis
567 2432 706 2478 non
755 2412 1022 2478 omnino
1063 2411 1439 2497 descripsit,
1487 2412 1676 2478 aliter
1720 2410 2251 2478 character-iaicas
2287 2419 2484 2479 notas

264 2514 708 2598 proculdubio
781 2515 1103 2595 dedisset,
1174 2535 1389 2600 neque
1462 2516 1693 2600 aliqua
1764 2515 2152 2594 editionum,
2211 2516 2301 2581 ab
2370 2530 2483 2580 eo-

266 2615 409 2682 tbm
432 2621 591 2683 viro
620 2617 826 2682 docto
869 2616 1368 2701 descriptarum,
1412 2636 1538 2701 pro
1580 2615 1711 2682 hac
1752 2616 1923 2681 sumi
1952 2618 2190 2702 possit.
2280 2616 2484 2682 Hanc

267 2718 413 2784 edit.
444 2719 754 2786 vidimus
772 2719 843 2784 in
860 2718 1280 2784 Bibliotheca
1293 2719 1505 2784 nobili
1536 2716 1786 2802 Colleg.
1817 2716 2049 2802 Magd.
2078 2718 2263 2803 apud
2291 2717 2484 2784 Oxo-

269 2820 533 2886 nienses
562 2841 690 2905 per
718 2820 1085 2888 amicitiam
1109 2819 1344 2885 eruditi
1378 2819 1703 2886 Praesidis
1744 2817 1846 2885 M.
1872 2819 1945 2885 J.
1977 2818 2229 2899 Bouth,
2256 2820 2347 2886 D.
2369 2820 2484 2900 D.,

269 2928 331 2986 et
367 2925 546 2990 satis
599 2925 1053 3008 percepimus,
1103 2924 1176 2987 in
1221 2923 1391 3007 ipsis
1446 2925 1606 2987 artis
1652 2922 2154 3007 typographica>
2211 2923 2485 2989 incuna-

265 3024 428 3089 bulis
489 3045 827 3090 excusam
887 3024 1107 3089 fuisse.
1229 3022 1340 3088 Ne
1399 3042 1728 3087 moremur
1796 3023 2166 3103 Lectorem,
2231 3024 2487 3090 indicia

265 3144 387 3190 non
413 3127 722 3205 deerant,
748 3127 996 3210 quibus
1022 3128 1093 3191 in
1119 3127 1510 3192 sententiam
1532 3125 1718 3192 ducti
1744 3145 2028 3204 eramus,
2055 3127 2231 3190 hunc
2255 3126 2485 3211 ipsum

265 3227 501 3293 librum
532 3227 1069 3312 Magdalensem⁸
1115 3228 1338 3312 accipi
1364 3246 1568 3313 posse
1612 3247 1737 3312 pro
1785 3225 2117 3293 Juvenalis
2154 3237 2212 3291 ee
2249 3226 2484 3310 Persii,

264 3331 701 3416 conjunctim,
748 3336 851 3411 (ut
890 3330 1167 3418 vocant)
1203 3330 1353 3398 edit.
1396 3329 1738 3416 Principe3
1781 3335 1871 3410 et,
1912 3336 1990 3398 ut
2024 3350 2254 3397 verum
2275 3330 2489 3398 fatea-

265 3450 429 3512 mur,
450 3435 629 3500 nihil
671 3435 892 3514 nobis,
922 3435 1133 3518 magis
1179 3434 1352 3499 serio
1375 3433 1917 3513 deliberantibus,
1942 3434 2167 3500 statim
2196 3434 2490 3499 occurrit

267 3535 443 3618 quod
478 3538 550 3600 in
581 3537 792 3602 aliam
826 3538 1201 3622 opinionem
1229 3556 1355 3602 nos
1399 3537 1626 3603 subito
1652 3536 1942 3604 inclinet.
2031 3535 2265 3620 Hujus
2292 3532 2487 3600 editi-

266 3638 405 3704 onis
436 3639 835 3724 exemplare
879 3644 985 3706 est
1023 3637 1512 3717 inveniendum,
1557 3657 1681 3706 nec
1707 3637 1779 3703 in
1805 3635 2004 3704 Bodl.
2037 3634 2485 3716 Bibliotheca,
2583 3698 2594 3706 .

266 3755 374 3802 nec
400 3740 476 3806 in
502 3738 752 3805 Huoeo
794 3739 1117 3818 Britann„
1147 3759 1271 3805 nec
1300 3740 1478 3824 apud
1513 3738 2121 3821 Cantabrigienses,
2150 3754 2275 3802 nec
2305 3738 2487 3824 apud

268 3836 538 3920 Scotos,
558 3860 679 3905 nec
700 3842 930 3907 forsan
944 3842 1012 3908 in
1027 3842 1164 3907 ulla
1181 3843 1318 3907 alia
1339 3842 1616 3928 publica
1637 3839 2059 3908 Bibliotheca
2079 3839 2484 3908 Britannica.

274 3937 414 4012 Nec
462 3943 740 4026 quidem
779 3944 1074 4016 occurrit
1109 3945 1490 4031 exemplare
1516 3945 1681 4016 inter
1727 3937 2048 4008 Romanas
2085 3946 2208 4012 aut
2228 3938 2489 4016 Italicas

1259 4110 1473 4164 No‘rAE

334 4220 369 4265 8
402 4217 579 4269 (ἵεται.
605 4218 747 4271 Hist.
774 4221 911 4272 crit.
933 4220 1086 4274 Rom.
1110 4221 1281 4275 mitt.
1305 4237 1340 4274 ι
1415 4222 1696 4290 Spectmen
1735 4221 1879 4274 ssiat.
1917 4219 2056 4274 crit.
2089 4219 2243 4271 editt.
2276 4216 2485 4269 Italice-

271 4288 391 4346 lah.
411 4293 579 4360 Bept.
602 4293 901 4349 Audiffredl
914 4299 1090 4353 Rom·
1112 4304 1258 4354 1781.
1281 4307 1337 4352 et
1418 4312 1552 4365 rum,
1567 4298 1635 4352 ab
1658 4296 1870 4364 Mem,
1882 4297 2079 4361 Romo,
2099 4293 2247 4346 lm.
