3050 4913
1244 395 1520 469 sarran
1573 395 1689 444 ιιι.

357 546 654 630 Pingue:
701 549 882 610 caret
908 543 1144 624 culpa:
1188 540 1429 618 nescit,
1460 540 1623 623 quid
1652 540 1925 623 perdam
1973 546 2059 621 et,
2091 542 2227 607 alto

359 646 746 724 DemersuS‚
777 663 1032 709 summa
1052 661 1188 707 non
1218 660 1440 705 rursus
1466 643 1662 706 bullit
1691 644 1758 705 in
1785 643 1989 708 unda.

448 747 691 831 Magne
720 753 910 830 pater
941 745 1218 822 Divum,
1250 763 1475 809 saevos
1503 746 1736 828 punire
1765 751 2077 829 tyrannos

361 843 575 917 Haud
603 851 737 914 alia
766 849 1019 913 ratione
1048 847 1237 925 velis,
1261 864 1413 910 cum
1442 845 1589 909 dira
1617 846 1826 909 libido

361 951 659 1018 Moverit
687 951 1039 1033 ingenium,
1068 949 1338 1014 ferventi
1366 950 1572 1013 tincta
1600 967 1849 1012 veneno
1873 969 1892 1028 ς

357 1054 694 1120 Virtutem
724 1053 1018 1132 videant,
1050 1052 1591 1135 intabescantque
1625 1053 1878 1118 relicta.

356 1204 1065 1280 diummpinguedomta
1102 1209 1199 1253 m.-
1231 1208 1550 1253 eacutnoxa:
1585 1203 1776 1265 ignom

1348 1284 1619 1332 mamuqu
1619 1284 1716 1318 am.

1317 1285 1619 1397 „quandoq”
1597 1348 1720 1382 σανα
1752 1333 1988 1397 cupiditas
2008 1336 2183 1393 insecta
2207 1337 2364 1386 toxico
2384 1339 2573 1387 ardenti

356 1269 557 1319 obs-utu
589 1285 681 1317 non
718 1268 916 1331 emergit
948 1270 1122 1318 iterum
1153 1268 1205 1318 iu
1235 1284 1260 1316 a

353 1336 559 1396 plectere
596 1334 691 1382 ulio
723 1334 855 1382 modo
895 1333 1103 1382 dominos
1137 1335 1342 1381 mdes

1924 1210 2027 1253 tm
2046 1206 2258 1270 mittat,
2279 1212 2326 1256 et
2341 1208 2573 1271 profundo

1827 1285 1975 1318 am
2009 1271 2221 1320 Deorum
2248 1288 2438 1349 parens,
2472 1273 2573 1323 noli

354 1399 600 1464 inpulerit
621 1398 826 1447 animm
850 1399 1080 1447 illorum.
1117 1411 1321 1462 nempe,
1341 1369 1574 1462 aspiciant
1596 1399 1839 1462 virtutem,
1874 1403 1921 1448 et
1961 1414 2025 1449 ea
2053 1402 2254 1463 deserta,
2276 1402 2384 1451 tabe
2420 1417 2572 1451 emar-

1286 1547 1427 1567 OOOOC
1436 1548 1518 1566 ΗΟ
1525 1547 1640 1566 0000

363 1652 704 1717 cmm-mque
727 1655 831 1704 Ms.
856 1654 1108 1705 Gale-3⁴
1141 1669 1328 1704 rursum
1365 1669 1457 1704 aon
1497 1653 1638 1704 Edit.
1661 1652 1844 1716 Steph.
1908 1667 2071 1703 rursus
2097 1668 2186 1702 non
2209 1651 2254 1702 b.
2298 1653 2403 1704 Ms.
2441 1652 2574 1703 R.—

361 1720 425 1765 ³⁷
459 1722 588 1767 torta
610 1720 712 1769 Ms.
738 1720 988 1769 Oak—ss
1046 1719 1285 1770 Virtutem
1304 1723 1360 1769 ut
1380 1718 1477 1769 vid.
1512 1718 1656 1768 Edit.
1684 1720 1864 1783 Steph.

1368 1857 1582 1907 NOTAE

355 1950 544 2015 mitas,'
581 1952 766 2016 iuquit,
806 1955 822 1981 ‘
848 1953 1066 2018 impedit
1088 1953 1424 2020 sapientiam!

357 2027 495 2077 Vide
521 2035 576 2077 et
601 2045 717 2094 quae
739 2045 830 2079 nos
849 2032 958 2081 Sat.
981 2045 1019 2081 1.
1040 2036 1121 2083 67.
1146 2032 1211 2081 ad
1235 2047 1297 2081 ea
1316 2047 1427 2081 ver-

357 2104 441 2165 ba,
481 2104 689 2168 Pinguia
725 2109 1029 2170 aqualiculus.
1111 2111 1301 2159 Sensus
1345 2116 1426 2159 est

353 2181 474 2231 hic:
509 2181 655 2234 Sient
695 2184 855 2247 adeps
901 2200 1001 2234 non
1050 2184 1224 2249 sentit,
1261 2186 1423 2251 (teate

357 2256 566 2308 Galeno
609 2265 663 2308 et
699 2259 1010 2325 Aristotele)
1033 2262 1105 2311 sie
1147 2277 1242 2311 nec
1280 2277 1425 2311 mens

354 2333 522 2383 inim:
581 2350 700 2385 nam
738 2335 984 2387 obduruit
1028 2338 1215 2387 callum
1265 2337 1423 2387 veluti

352 2410 614 2474 quoddam
655 2413 706 2462 in
734 2413 901 2463 animo
935 2413 1066 2477 ejus,
1104 2428 1199 2464 nee
1238 2413 1421 2464 mirum

359 2486 403 2536 si
443 2486 774 2550 demergatur
818 2490 869 2538 in
917 2490 1228 2554 profundum
1273 2490 1423 2540 vitio·

357 2576 472 2611 rum
515 2579 679 2627 prono
714 2567 929 2630 impetu,
974 2582 1091 2616 cum
1122 2567 1231 2631 jam
1271 2567 1421 2632 plane

360 2641 609 2690 caecutiat
633 2642 698 2690 ad
723 2643 906 2692 bonum
930 2661 942 2691 ε
980 2659 1095 2708 quai
1120 2653 1289 2693 tamen
1316 2659 1421 2708 poe-

358 2730 424 2764 ua
448 2725 530 2766 est
554 2732 763 2768 summae
788 2720 1032 2782 nequitiae
1057 2721 1292 2770 maxima.

421 2795 485 2840 8³
512 2793 678 2843 Nescit
703 2796 814 2858 quid
832 2795 1023 2859 perdat]
1043 2795 1269 2845 Virtutis
1288 2794 1424 2845 enim

356 2871 790 2934 pulchritudinem
806 2872 914 2935 jam
936 2888 1036 2922 non
1058 2873 1219 2935 videt,
1238 2884 1290 2923 et
1313 2888 1424 2938 pre·

355 2946 482 2996 tium
508 2947 621 3011 ejus
642 2948 872 3009 ignorat:
911 2950 1044 2998 sicut
1070 2956 1124 2998 et
1149 2950 1423 3013 turpitudi-

356 3036 473 3072 nem
502 3023 742 3073 vitiorum
767 3034 821 3074 et
844 3025 1106 3075 infamiam
1144 3026 1281 3075 haud
1315 3026 1426 3076 ani-

359 3097 660 3150 madvertit.

420 3173 539 3223 Atto
571 3176 829 3240 demersus]
878 3177 1136 3227 Vitiorum
1178 3177 1421 3228 barathro

356 3248 653 3313 absorptus.

419 3330 484 3375 8⁴
521 3328 632 3375 Noa
670 3326 828 3390 bullit]
885 3330 1004 3379 Non
1049 3329 1287 3393 emergit,
1321 3344 1420 3379 uon

354 3403 615 3467 assurgit;
650 3418 767 3453 nam
789 3420 906 3454 cum
941 3413 1153 3470 stupens
1177 3409 1282 3469 ejus
1306 3420 1425 3456 con-

357 3478 576 3528 scientia
599 3480 751 3528 nullis
775 3489 895 3544 agat
931 3497 1047 3530 eum
1089 3482 1325 3544 stimulis,
1343 3496 1427 3531 ue-

355 3572 614 3623 quaquam
640 3557 809 3607 redire
849 3565 1024 3622 potest
1058 3558 1122 3607 ad
1164 3559 1427 3609 meliorem

353 3630 579 3696 frugem.
664 3635 924 3684 Horresce
966 3649 1108 3697 vero,
1153 3641 1210 3685 tu
1256 3635 1430 3685 adole-

356 3722 527 3771 scens,
575 3710 638 3758 ad
683 3717 788 3761 tarn
830 3710 1160 3774 deploratum
1198 3719 1428 3774 statum;

357 3794 414 3836 et
434 3801 581 3848 cave,
606 3801 672 3836 ne
696 3788 876 3837 eodem
918 3787 1136 3838 miseriae
1169 3788 1429 3853 devenias,

356 3861 457 3911 nisi
480 3869 680 3912 mature
696 3860 915 3913 fraenum
934 3863 1099 3929 injicis
1120 3864 1426 3928 petulantias

352 3936 594 4002 juvenili.

426 4017 486 4063 86
544 4016 729 4078 Magne
768 4022 906 4081 pater
943 4017 1150 4081 Dierna]
1214 4018 1423 4083 Stupori

360 4091 544 4142 Natta
568 4095 785 4143 acerbos
826 4095 941 4144 illos
977 4096 1195 4159 opponit
1230 4096 1428 4146 crucia·

359 4175 465 4230 tus,
508 4183 640 4233 quos
684 4169 911 4219 tolerant
955 4170 991 4220 ii
1042 4171 1128 4235 qui
1182 4171 1427 4221 virtutem

362 4244 627 4308 cognitam
650 4245 895 4310 habuere,
919 4261 1016 4298 nec
1051 4255 1222 4300 tamen
1262 4248 1429 4300 secuti

1510 1961 1664 2004 sunt:
1715 1955 1808 2004 hos
1847 1970 1970 2003 vero
2016 1960 2187 2005 tantos
2226 1969 2341 2004 esse
2387 1954 2481 2017 ait,
2512 1961 2573 2005 ut

1509 2031 1776 2080 sceleratis
1812 2032 2020 2094 gravius
2047 2032 2215 2096 optari
2258 2039 2574 2082 tormentum

1508 2115 1764 2173 nequeat:
1814 2107 1924 2157 liaec
1970 2109 2177 2173 egregie
2218 2109 2574 2171 casaubonus,

1507 2182 1754 2248 additque
1801 2183 1963 2232 videri
2002 2183 2236 2233 Persium
2282 2185 2573 2248 respexisse

1505 2258 1570 2307 ad
1596 2260 1765 2308 locum
1792 2260 2046 2321 Platonis,
2070 2260 2120 2309 in
2149 2261 2366 2324 Gorgia,
2391 2260 2477 2310 ubi
2500 2261 2575 2311 ait

1503 2334 1556 2383 in
1599 2336 1779 2385 animis
1818 2335 2175 2387 defunctorum
2214 2339 2573 2402 Tyrannorum

1504 2410 1699 2461 vibices
1733 2418 1934 2476 extare,
1985 2420 2145 2464 testes
2189 2428 2365 2464 eorum
2412 2415 2576 2466 scele-

1503 2501 1638 2551 rum,
1675 2503 1705 2537 e
1729 2489 1913 2552 quibus
1936 2489 2356 2541 Rhadamanthus
2385 2507 2567 2540 eorum

1503 2565 1705 2613 scelera
1728 2564 1998 2628 dijudicet.

1569 2638 1728 2688 δεεσσε
1744 2640 1912 2703 punire
1933 2640 2181 2705 tyrannos]
2213 2641 2448 2691 Aliorum
2467 2657 2572 2691 ma-

1503 2714 1568 2764 lis
1615 2715 1921 2779 gaudentes,
1956 2718 2132 2781 quales
2169 2717 2316 2767 fuere
2351 2718 2573 2782 Busiris,

1507 2793 1810 2853 Diomedes,
1833 2793 2088 2857 Phalaris,
2108 2803 2324 2858 uterque
2366 2796 2569 2861 Diony-

1507 2869 1629 2933 sius,
1665 2871 1883 2935 ipseque
1924 2872 2090 2934 Nero,
2113 2887 2265 2936 quem
2289 2873 2373 2922 hic
2408 2873 2576 2924 notari

1505 2947 1745 3012 plerique
1768 2953 2054 2997 autumant.

1570 3027 1636 3072 86
1672 3023 1818 3073 Haud
1853 3024 1955 3072 alia
1996 3023 2203 3086 ratione]
2260 3025 2382 3075 Nou
2420 3026 2574 3078 aliter

1507 3099 1705 3164 punias,
1723 3115 1874 3164 quam
1899 3099 2232 3150 conscientiae
2258 3098 2494 3166 flagellis,
2518 3110 2574 3154 et

1509 3177 1763 3224 scelerum
1786 3190 1990 3225 suorum
2014 3174 2160 3225 furiis
2181 3191 2267 3226 eos
2291 3178 2572 3231 tradendoe

1509 3252 1631 3302 vide
1650 3252 1893 3303 Juvenal.
1919 3253 2025 3303 Sat.
2041 3266 2166 3302 xm.
2201 3255 2273 3303 D.
2297 3253 2572 3320 Angustia.

1503 3332 1594 3381 lih.
1620 3330 1684 3380 de
1722 3330 1995 3392 Magistro,
2019 3345 2067 3380 c.
2093 3333 2144 3380 9.
2185 3331 2201 3358 ‘
2225 3330 2468 3392 Persius,’
2502 3332 2577 3380 in·

1506 3409 1636 3474 quit,
1658 3409 1673 3435 ⁸
1692 3407 1926 3456 omnibus
1969 3407 2131 3470 poenis
2159 3423 2284 3472 quas
2313 3408 2574 3473 Tyranno·

1510 3500 1621 3534 rum
1657 3483 1739 3532 vel
1787 3482 2069 3532 crudelitas
2117 3483 2449 3547 excogitavit,
2491 3485 2571 3535 vel

1508 3561 1766 3625 cupiditas
1812 3559 2011 3622 pendit,
2050 3559 2182 3608 hanc
2231 3572 2381 3607 unam
2426 3566 2571 3609 ante-

1509 3636 1681 3701 ponit,
1722 3649 1822 3700 qua
1860 3634 2160 3683 cruciantur
2200 3635 2447 3699 homines,
2486 3637 2574 3701 qui

1509 3712 1654 3771 vitia,
1675 3726 1789 3776 quae
1811 3710 1980 3759 vitare
2001 3724 2104 3759 uon
2134 3719 2365 3777 possunt,
2385 3728 2576 3779 cogun.

1510 3794 1598 3837 tur
1620 3785 1939 3850 agnoscere!

1573 3866 1634 3912 87
1671 3861 1878 3911 Moverit
1904 3861 2167 3927 ingenium]
2207 3862 2484 3928 Impulerit
2507 3868 2574 3917 ad

1506 3939 1716 4004 aliquod
1740 3945 1888 3988 atrox
1913 3938 2100 3989 scelus.

1578 4015 1804 4064 ferventi
1845 4015 1999 4064 tincta
2051 4018 2248 4081 veneno]
2303 4019 2575 4083 Cupiditas

1509 4105 1742 4155 preceps
1775 4096 1829 4139 et
1864 4090 2135 4141 vehemens
2172 4093 2485 4145 erudelitate
2519 4103 2575 4145 et

1508 4167 1881 4217 inhumanitate
1911 4167 2122 4231 stipata.

1575 4248 1639 4295 88
1681 4244 1919 4295 Virtutem
1941 4243 2159 4308 videant]
2206 4245 2338 4296 Tun.
2361 4245 2397 4294 l.
2421 4258 2482 4296 ιι.
2508 4245 2575 4298 de
