3050 4913
542 388 717 467 1182
1214 410 1606 465 necamus
1651 410 2082 468 ammonam

541 562 898 620 memoratur
921 554 1192 619 Fabricio
1220 556 1503 620 Biblioth.
1534 559 1639 620 lat.
1667 560 1747 620 Τ.
1777 575 1856 621 11.
1884 579 2024 639 pag.
2061 558 2197 622 166.
2230 557 2393 639 Lips.
2429 567 2604 631 1778.
2645 559 2747 623 ef.

539 657 638 721 ad.
666 676 724 718 8.
760 662 936 725 1474.

1556 760 1732 821 1478.

624 853 733 913 Ge.
792 850 1055 910 Merulae
1107 850 1573 910 Commentarius
1627 852 1717 911 bis
1773 852 1887 911 hoc
1935 868 2089 910 anno
2142 850 2353 929 prodiit
2408 850 2531 912 sin‘e
2583 860 2751 913 textu

541 954 755 1029 poetae,
804 967 918 1005 non
963 966 1100 1006 cum
1147 966 1241 1020 eo,
1285 944 1448 1025 quod
1493 947 1555 1006 in
1601 948 1833 1009 Fabi-ic.
1884 948 2038 1008 Bibl.
2083 948 2188 1007 lat.
2216 956 2276 1007 et
2319 947 2457 1008 hinc
2498 948 2560 1008 in
2599 948 2748 1009 edit.

538 1044 783 1123 Bipont.
814 1042 1076 1113 traditur,
2211 1066 2218 1069 ·

622 1142 655 1175 ⁴*
696 1140 958 1201 venetiis
991 1159 1108 1218 per
1151 1140 1483 1202 Gabrielem
1514 1142 1697 1202 Petri
1724 1143 1898 1203 Duce
1935 1141 2162 1221 inclyto
2189 1139 2440 1202 Andreo
2484 1140 2751 1203 rendra-

540 1237 888 1300 πίωσι-101.
926 1244 1101 1306 1478.

540 1344 603 1396 81
625 1334 800 1414 patilo
826 1341 961 1412 post
988 1332 1076 1390 vel
1108 1342 1247 1391 ante

616 1429 865 1491 Tarvisii
894 1449 1006 1508 per
1034 1428 1315 1488 Barthol.
1346 1427 1416 1488 de
1450 1428 2047 1507 Consoloneris—sol.
2084 1438 2259 1497 1478.

535 1543 545 1551 ·
620 1528 715 1588 De
770 1528 884 1587 hac
936 1525 1082 1585 edit.
1142 1546 1197 1583 v.
1256 1526 1487 1586 Fabric.
1547 1527 1590 1585 1.
1638 1526 1679 1585 1.
1737 1545 1801 1605 p.
1853 1535 1991 1596 359.
2075 1526 2408 1586 Nachricht
2463 1547 2575 1588 von
2630 1528 2749 1590 den

543 1625 811 1685 Biichern
853 1623 911 1681 in
953 1622 1057 1681 der
1090 1621 1439 1682 Stollischen
1479 1622 1637 1682 Bibl.
1666 1625 1744 1683 T.
1777 1640 1823 1682 1.
1855 1642 1918 1702 p.
1946 1620 2048 1693 96.
2091 1628 2136 1697 ς.
2168 1638 2232 1682 V.
2265 1634 2326 1683 et
2367 1626 2561 1686 Catal.
2590 1626 2749 1687 Bibl.

540 1722 852 1784 Hasaeanae
879 1721 1071 1779 Brem.
1100 1738 1163 1797 p.
1197 1726 1335 1779 503.
1421 1720 1808 1780 Continentur
1835 1720 1923 1780 his
1953 1719 2151 1778 libris:
2200 1731 2253 1779 1.
2291 1721 2757 1784 commentarius

536 1817 796 1880 Merulae
822 1837 870 1875 s.
902 1816 1336 1876 Euat-rationes
1358 1814 1712 1893 Satyrorum
1732 1817 2033 1878 Juvenolie
2050 1837 2166 1896 per
2193 1818 2416 1899 Georg.
2451 1820 2751 1880 Merulam

537 1916 1017 1977 Alexandrinum
1044 1912 1125 1972 ad
1158 1913 1443 1972 invictiss.
1475 1913 1829 1991 Principem
1856 1913 2196 1973 Federieum
2234 1914 2305 1975 de
2335 1915 2549 1975 Monte
2579 1916 2755 1976 Fere-

536 2018 635 2073 tro
671 2012 890 2074 Urbini
920 2011 1166 2070 Ducem.
1253 2018 1310 2070 2.
1357 2008 1465 2069 Ge.
1497 2009 1762 2069 Merulae
1788 2010 2191 2071 Alexandrini
2219 2011 2450 2071 libellus
2475 2013 2766 2075 adversus·

542 2110 807 2171 Domitii
838 2106 1293 2168 Commentarios
1322 2108 1386 2164 in
1417 2107 1765 2166 Martialem
1791 2107 1875 2167 ad
1904 2108 2179 2167 Marcum
2205 2107 2538 2168 Antonium
2569 2110 2752 2171 Mau·

538 2225 810 2266 rocenum
833 2205 1107 2283 Equitem
1125 2201 1507 2282 preclarum.
1595 2209 1654 2262 3.
1704 2202 1807 2261 Ge.
1833 2202 2093 2262 Merulae
2117 2202 2284 2262 Alex.
2315 2202 2754 2266 Aduolation'es

536 2305 607 2363 'in
641 2303 978 2362 Orationem
1008 2299 1108 2360 M.
1142 2298 1330 2359 Tullii
1367 2298 1667 2359 Ciceronis
1698 2320 1816 2378 pro
1857 2297 1927 2367 Q.
1956 2300 2214 2379 Ligario
2258 2300 2340 2360 od
2378 2301 2752 2363 Bes-nardum

542 2398 848 2462 Bembum.
928 2406 987 2456 4.
1033 2396 1461 2478 Argumentum
1501 2397 1908 2477 Epistolarum
1949 2397 2246 2459 Ciceronis
2286 2397 2370 2458 ad
2413 2398 2749 2473 tantulum,

536 2497 612 2558 de
640 2499 697 2555 vi
733 2503 790 2555 et
836 2495 1036 2554 ordine
1072 2493 1505 2577 suffragiorum
1555 2497 1618 2553 in
1667 2496 2024 2554 centuriatis
2071 2501 2125 2553 et
2165 2496 2416 2553 curiatis
2458 2498 2751 2566 comitiis,-

536 2592 684 2676 quid
701 2593 1107 2672 praerogotivo
1132 2589 1566 2671 suffragiorum
1583 2613 1605 2658 ‚-
1641 2597 1700 2649 et
1725 2589 2008 2668 quomodo
2036 2591 2188 2670 Iegis
2205 2591 2638 2670 promulgatio,
2670 2594 2755 2670 od

542 2691 926 2750 Domiuienm
976 2686 1289 2746 Saunium.
1371 2689 1485 2747 Ge.
1535 2687 1812 2756 Merlani,
1860 2686 1962 2764 qui
2012 2687 2255 2745 Merula
2307 2686 2426 2744 dici
2473 2688 2748 2760 malebat,

537 2795 710 2847 natus
738 2786 798 2843 in
827 2783 1047 2862 oppido
1074 2784 1342 2842 Ducatus
1373 2783 1850 2855 Mediolanensis,
1899 2782 2058 2859 quod
2096 2782 2271 2841 hodie
2301 2782 2673 2843 Alessandria
2700 2806 2749 2844 s.

538 2880 892 2942 Alexandria
935 2879 1089 2937 della
1115 2877 1318 2956 Paglia
1360 2888 1623 2949 vocatur,
1671 2894 1783 2938 11..
1813 2897 1996 2937 annos
2024 2877 2083 2936 in
2120 2877 2437 2954 juventute
2480 2878 2753 2940 docenda

538 2977 856 3039 consumsit
897 2975 1155 3035 venetiis
1195 2984 1255 3035 et
1300 2975 1642 3046 Mediolani,
1687 2975 1790 3036 ubi
1835 2992 2001 3035 Lxx.
2044 2974 2211 3034 aunis
2254 2976 2446 3054 major
2486 2985 2750 3037 mortuus

535 3082 626 3134 est
652 3093 708 3132 8.
736 3073 877 3133 Chr.
916 3079 1090 3140 1494.
1123 3073 1374 3150 Magnus
1400 3070 1515 3132 fuit
1541 3072 1730 3131 aetatis
1751 3091 1873 3132 suae
1901 3071 2250 3151 philologus,
2281 3073 2385 3152 qui
2414 3083 2628 3151 praeter
2651 3093 2744 3144 88,

539 3189 674 3248 quae
703 3168 883 3228 modo
913 3168 1379 3237 memoravimuS,
1423 3167 1598 3227 etiam
1629 3169 1961 3227 Comment.
1992 3167 2051 3226 in
2083 3168 2354 3241 Statium,
2383 3168 2745 3242 Martialem,

536 3267 827 3336 Plautum,
859 3265 1226 3334 Ciceronem,
1257 3264 1582 3343 Virgilium,
1613 3265 1888 3334 Plinium,
1918 3265 2368 3335 Quintilianum,
2398 3264 2749 3339 Ausonium,

526 3373 596 3424 et
623 3372 894 3422 auctores
923 3361 998 3421 de
1027 3381 1088 3420 re
1120 3361 1353 3431 rustica,
1388 3362 1878 3440 philologicorum
1911 3362 2013 3420 lib.
2043 3380 2114 3421 x.
2147 3363 2547 3441 Antiquitates
2575 3362 2754 3423 Vice-

537 3460 832 3522 Comitum
866 3457 1112 3517 Mediol.
1140 3466 1201 3517 et
1224 3458 1337 3516 alia
1376 3458 1630 3537 scripsit,
1661 3459 2127 3537 clarissimosque
2154 3458 2383 3517 illorum
2414 3455 2750 3536 temporum

527 3557 692 3616 ·viros
745 3555 1137 3634 asperioribus
1194 3555 1423 3615 facetiis
1489 3556 1871 3634 perstringere
1926 3556 2184 3615 amabat.
2295 3558 2487 3624 Quam
2545 3556 2751 3634 itaque

524 3652 713 3711 »bilem
740 3653 1035 3711 Domitius
1064 3651 1349 3712 effuderat
1379 3653 1435 3711 in
1467 3652 1748 3712 Sabinum
1781 3653 2222 3730 Brotheumque
2253 3651 2748 3725 Grammaticum,

537 3748 762 3820 eadem,
810 3750 913 3808 sed
946 3760 1209 3808 mortuus
1237 3749 1494 3818 demum,
1532 3748 1900 3808 acerbissime
1940 3748 2265 3826 exagitatus
2302 3757 2451 3806 esta
2494 3748 2750 3808 Merula.

536 3846 733 3922 Hujus
778 3856 972 3904 tamen
1021 3847 1472 3905 commentarius
1516 3847 1573 3904 in
1621 3847 1964 3905 juvenalem
2009 3865 2126 3904 non
2176 3844 2371 3922 magui
2412 3853 2503 3903 est
2551 3845 2752 3922 pretii,

392 3962 397 3966 ’
522 3941 786 4021 'ejusque
817 3943 1211 4020 interpretatio
1239 3962 1395 4018 saepe
1422 3942 1515 4001 vel
1544 3942 1715 4001 nimis
1748 3951 1971 4019 arguta,
2019 3943 2108 4001 vel
2140 3942 2341 4019 inepta
2367 3950 2428 4000 et
2455 3950 2748 4001 contorta.

456 4049 463 4058 ‘
536 4037 785 4097 Meliora
830 4041 1046 4116 passim
1091 4042 1147 4097 in
1192 4059 1357 4098 suum
1389 4041 1703 4099 Comment
1748 4039 2045 4098 transtulit
2073 4038 2463 4108 Britannicus,
2507 4058 2582 4098 ne
2624 4039 2755 4097 1811·

536 4134 683 4194 dato
736 4134 974 4211 quidem
1016 4135 1200 4207 fonte,
1259 4157 1331 4195 ex
1380 4156 1500 4213 quo
1556 4135 1762 4196 hausit.
1847 4136 2174 4195 Multorum
2228 4145 2426 4202 autem
2475 4154 2745 4196 errorum

539 4231 828 4292 Merulam
855 4234 1045 4312 arguit
1063 4235 1190 4312 jam
1220 4233 1491 4294 Politian.
1524 4232 1710 4313 Epist.
1742 4248 1844 4304 11,
1881 4242 1976 4293 10.
