3050 4913
1198 391 1361 441 SA‘rl
1377 392 1478 441 ΒΑ
1525 392 1597 439 V.

2365 375 2494 439 143

372 533 577 600 Mane
609 534 800 619 piger
830 534 1093 600 stertis:
1141 532 1372 615 Surge,
1403 534 1618 616 inquit
1644 534 1959 600 avaritia:
2001 536 2111 599 eia

281 636 512 720 Surge.

586 636 851 719 Negas:
896 636 1138 704 instat:
1184 635 1420 722 Surge,
1440 636 1673 718 inquit.
1750 634 1948 701 ‘Non
1975 637 2189 719 queo.'

2231 682 2234 685 ι
2262 636 2492 721 Surge.

281 744 302 773 ‘
324 739 415 804 Et
440 742 604 823 quid
632 740 892 822 agam'l’
955 739 1283 823 Rogitas?
1351 738 1674 821 saperdas
1703 738 1955 803 advehe
1992 738 2233 818 Pont0‚

283 840 698 981 Castorem,
726 848 1034 983 stuppas»,
1064 842 1368 950 ebenum,
1398 840 1575 918 thuS,
1605 841 1862 905 lubrica
1890 839 2056 906 Coa

2366 841 2498 909 1³⁵

283 1030 429 1078 tin-ur
449 1029 626 1078 donini
644 973 828 1093 impulit
850 978 913 1081 ud
929 1029 1139 1091 strigiles
1159 1025 1464 1088 deserendam
1450 1025 1477 1064 ‘1
1528 1029 1774 1078 Matutino
1795 1033 2001 1092 tempore
2022 1031 2215 1093 dormis,
2252 1047 2283 1081 o
2309 1034 2496 1110 ignaue.

285 1094 426 1147 Quin
446 1096 789 1170 expergiscere,
808 1095 879 1143 uit
892 1095 1103 1158 peeauiae
1125 1094 1395 1157 cupiditas,-

280 1163 442 1220 urget,
463 1160 656 1222 aitque,
677 1162 847 1209 lectum
866 1162 1040 1209 desere.
1088 1158 1198 1207 Νσπ

1214 1168 1418 1222 possum,
1442 1158 1631 1221 inquis.

1434 1094 1656 1156 agedum
1676 1096 2010 1157 expergiscere.
2079 1098 2231 1147 Quod
2257 1098 2298 1147 si
2321 1100 2500 1161 renuis,

1688 1158 1861 1208 instat
1878 1159 1987 1219 illa,
2003 1172 2219 1223 exsuffire.
2278 1164 2347 1212 Et
2365 1165 2498 1227 qaid-

284 1222 629 1282 namsueiam?
664 1223 889 1279 Qua-ris?
953 1225 998 1272 Ε
1022 1224 1177 1279 Psmto
1193 1223 1283 1272 huc
1303 1228 1499 1287 apporta
1518 1223 1759 1285 saperdas,
1781 1228 2062 1286 emmanu,
2091 1227 2183 1274 vile
2204 1228 2371 1288 liam,
2393 1230 2497 1278 ebe·
2506 1261 2519 1271 ·

283 1301 417 1352 nra,
449 1288 577 1349 thas,
613 1289 732 1336 vina
753 1287 964 1355 fluentia
1000 1304 1067 1338 ex
1092 1288 1272 1337 Insula
1295 1289 1381 1337 Co.

1445 1286 1600 1347 Defer
1634 1293 1745 1337 uate
1779 1289 1900 1338 ulios
1932 1290 2068 1353 piper
2088 1305 2256 1341 uocum
2278 1307 2303 1341 e
2324 1264 2520 1343 edu-ele.

2507 1380 2518 1405 a

1280 1417 1493 1468 NOTAE

354 1517 451 1564 1⁸2
485 1514 634 1569 Mene
659 1515 800 1578 piger
828 1513 1016 1577 ster-tis]

288 1605 405 1638 mus
441 1595 523 1639 est
554 1592 779 1640 Damam
816 1590 953 1641 inter
974 1599 1030 1642 et
1065 1591 1354 1654 avaritiam,

289 1668 567 1731 luxuriam,
591 1670 795 1734 aliaque
816 1670 973 1720 vitia:
1008 1670 1099 1720 ubi
1121 1673 1261 1720 clare
1282 1671 1356 1719 in·

291 1743 536 1794 dicantur
566 1751 624 1794 et
655 1745 919 1807 sigillatim
957 1747 1182 1812 Tyranni
1216 1747 1356 1794 intus

291 1820 638 1883 dominantes,
677 1823 777 1872 huc
812 1823 1036 1887 illucque
1072 1822 1357 1872 distrahen-

295 1907 395 1961 tes,
432 1909 486 1947 et
521 1899 764 1948 miserum
804 1901 948 1964 quasi
972 1899 1357 1965 distorquentes

293 1973 783 2041 discerpentesque3
821 1990 917 2040 per
939 1975 1357 2039 prosopopeeiam

292 2051 587 2114 elegantem
608 2052 864 2114 avaritiae,
885 2052 1122 2113 luxurioe,
1142 2052 1239 2101 dte.

364 2127 543 2192 Surge,
561 2128 719 2193 inquit
737 2129 970 2193 warato]
1002 2130 1140 2181 Quin
1162 2126 1357 2177 divitiis

296 2202 476 2252 studes
498 2204 914 2254 accumulandis?
946 2204 1082 2269 Age,
1102 2205 1295 2254 labora.

366 2282 465 2328 188
497 2280 610 2330 Noa
622 2279 759 2345 queo]
825 2279 1050 2346 Pigritia
1070 2294 1257 2344 nempe
1281 2294 1361 2328 re-

296 2353 487 2404 tineor.

368 2433 463 2480 13⁴
500 2432 571 2481 Et
590 2432 703 2496 qaid
738 2432 905 2497 agan]
947 2433 1054 2484 Cur
1074 2432 1236 2483 otium
1259 2447 1365 2482 me-

298 2521 386 2557 um
403 2508 756 2560 interturbas?
798 2512 965 2577 inquit
986 2514 1160 2561 Dama
1180 2512 1326 2575 piger
1346 2527 1361 2559 :

300 2582 426 2647 quid
451 2599 533 2634 me
554 2584 727 2636 faeere
743 2587 856 2636 vis?

370 2659 602 2723 Rogita]
654 2662 826 2712 Instat
846 2670 1102 2729 urgetque
1124 2662 1364 2722 avaritia,

304 2734 472 2785 donec
507 2736 740 2787 desidem
782 2753 811 2786 e
846 2738 1006 2788 cubili
1041 2736 1364 2788 excusserit:

302 2811 565 2875 docetque
591 2814 842 2863 rationem
879 2822 1111 2879 quastus
1134 2812 1365 2864 faciendi

303 2885 657 2937 certissimam.

368 2965 795 3030 &perdundum
818 2965 997 3029 Ponto]
1062 2966 1370 3031 Negotiare,

305 3043 512 3107 ιινίκι,
546 3057 707 3109 perge
730 3044 783 3093 ia
803 3043 1049 3103 Pontum,
1072 3044 1369 3107 peregrinas

306 3133 507 3170 merces
544 3121 645 3170 buc
690 3120 904 3181 advehe,
947 3120 1253 3169 mercaturis
1293 3119 1371 3169 fa-

306 3194 505 3247 ciendis
525 3211 653 3262 opes
676 3211 939 3260 compara.

371 3273 630 3338 Super-dus]
662 3275 831 3325 Piscis
848 3283 948 3337 est,
971 3275 1129 3339 quiin
1150 3274 1369 3328 Pontico

307 3351 437 3400 mari
458 3351 681 3415 eapitur.
744 3353 1104 3416 synecdoche,
1149 3366 1244 3418 pro
1263 3367 1368 3401 om-

307 3427 600 3492 nipiscium
618 3443 825 3493 genere.
861 3429 1122 3493 Superum
1138 3442 1365 3492 asapore

310 3504 500 3554 eximio
521 3506 623 3554 dici
645 3505 852 3569 quidam
874 3507 1083 3554 volunt:
1110 3511 1166 3554 at
1186 3518 1367 3567 repug-

309 3588 404 3630 nat
423 3580 728 3644 Athenaeus,
752 3595 837 3631 ιιι.
859 3586 943 3630 80.
979 3581 1069 3631 ubi
1097 3581 1365 3630 Ponticum

310 3656 800 3721 obsoniumnuperda,
816 3658 917 3707 vile
933 3665 987 3708 et
1002 3657 1226 3721 ignobile
1244 3657 1368 3707 edu·

307 3734 437 3783 lium
456 3734 768 3797 appellatur.

380 3809 557 3872 Ponto]
592 3811 775 3859 Pontus
793 3809 1002 3874 proprie
1013 3816 1227 3860 vocatur
1243 3809 1370 3859 illud

313 3900 455 3938 mare
480 3888 615 3952 quod
638 3903 669 3936 a
707 3888 956 3937 Maeotide
980 3887 1168 3951 palude
1192 3889 1257 3937 ad
1277 3890 1374 3937 Te·

315 3966 508 4016 nedum
524 3965 745 4015 Insulam
769 3966 1096 4015 continetur:
1120 3967 1372 4029 complec-

315 4043 442 4092 titur
492 4044 671 4106 itaque
719 4041 1036 4105 Bosphorum
1080 4049 1372 4106 utrumque,

314 4118 713 4183 Propontidem,
748 4124 804 4166 ct
845 4117 1069 4166 Pontum
1094 4117 1372 4179 Euxinum,

314 4196 403 4261 qui
429 4196 700 4248 Herodoto
720 4196 754 4244 l.
776 4208 855 4246 ιν.
875 4194 1199 4255 describitur,
1223 4209 1372 4243 voca-

314 4278 507 4339 turque
538 4273 722 4339 diguus
741 4270 1080 4322 adunatione
1098 4271 1238 4320 inser
1268 4285 1370 4320 om-

1093 1516 1351 1579 Dialogis-
1433 1513 1520 1565 nia
1540 1515 1724 1564 maria.
1773 1515 1860 1566 Sic
1882 1522 1938 1566 et
1959 1517 2189 1580 proxima
2213 1520 2352 1583 regio
2378 1521 2500 1570 Pou-

1435 1595 1512 1639 ιιια
1533 1598 1763 1640 vocatur.

1502 1671 1595 1716 135
1636 1668 1930 1731 Custoeeum]
1985 1670 2208 1721 Quidam
2249 1670 2502 1738 interpref

1439 1749 1614 1792 tantur
1636 1742 1867 1793 Castoris
1891 1745 2097 1808 pellem,
2133 1761 2161 1793 e
2195 1747 2345 1811 cujus
2368 1749 2501 1797 villis

1437 1820 1598 1883 galeri
1644 1819 1986 1870 conficiuntur
2028 1822 2291 1887 exquisiti.
2397 1823 2516 1883 Alii

1439 1895 1725 1957 testiculos,
1767 1911 1798 1946 e
1820 1896 2007 1961 quibus
2042 1896 2315 1960 pharmaca
2349 1899 2503 1950 valde
2553 1910 2558 1917 “

1440 1972 1605 2020 utilia.
1665 1972 1919 2022 Herodot.
1944 1973 1978 2023 l.
1999 1987 2073 2022 ιν.
2116 1974 2254 2022 Plin.
2278 1987 2401 2024 vm.
2421 1978 2505 2027 30.

1440 2055 1494 2098 et
1517 2061 1705 2099 xxxii.
1731 2053 1781 2098 a.
1815 2050 1997 2114 Vin-gil.
2031 2051 2163 2101 Geo.
2187 2064 2226 2099 ι.
2260 2052 2276 2079 ‘
2302 2052 2518 2101 virosa-·

1441 2140 1543 2189 que
1565 2126 1765 2175 Pontus
1787 2127 2069 2177 Castorea!
2131 2126 2370 2177 Juvenal.
2392 2127 2506 2177 Sat.

1443 2216 1548 2252 xu.
1573 2205 1587 2231 ‘
1612 2203 1852 2254 Imitatus
1879 2205 2113 2266 Castora,
2146 2204 2234 2268 qui
2256 2216 2311 2253 se
2335 2205 2522 2253 Eunu--

1441 2279 1591 2327 chum
1635 2279 1751 2342 ipse
1811 2278 1955 2342 facit,
2018 2280 2232 2344 cupiens
2285 2280 2522 2330 evadere‘

1441 2352 1631 2403 damno
1670 2355 2088 2416 Testiculorum3
2123 2356 2253 2406 adeo
2287 2356 2513 2408 mediea-

1446 2435 1555 2481 tum
1577 2431 1817 2496 iutelligit
1842 2430 2068 2495 inguen!
2134 2431 2297 2483 Aiunt
2319 2445 2507 2498 nempe

1446 2510 1717 2559 Castorem
1752 2523 1848 2558 seu
1883 2507 2091 2569 tibrum,
2130 2509 2315 2557 animal
2351 2524 2509 2574 uqua-

1374 2613 1377 2614 ν
1446 2584 1624 2645 ticum,
1646 2585 1794 2634 lutroe
1823 2585 2067 2647 speciem,
2096 2584 2180 2631 rui
2215 2584 2369 2647 piscis
2394 2600 2512 2634 cau-

1444 2661 1530 2724 da,
1550 2662 1677 2711 alias
1713 2662 1988 2711 Ponticum
2011 2676 2207 2722 canem,
2241 2661 2522 2725 insequen-'

1444 2737 1586 2788 tibus
1612 2738 1965 2800 venatoribus,
2004 2753 2068 2787 ea
2090 2738 2319 2802 corporis
2340 2746 2511 2802 parte,

1447 2821 1664 2879 propter
1711 2827 1863 2879 qnam
1917 2814 2202 2881 expetitur,
2254 2815 2510 2866 horrendo

1444 2889 1607 2954 (quod
1633 2891 1708 2940 ait
1732 2889 1953 2955 Plinius)
1975 2904 2143 2940 morsu
2166 2891 2408 2954 abscissa,
2432 2908 2511 2943 se-

1449 2980 1505 3014 se
1529 2965 1800 3016 redimere.
1868 2965 2079 3030 Negant
2097 2981 2219 3016 vero
2251 2967 2512 3019 doctiores

1449 3047 1504 3090 et
1545 3043 1699 3106 periti
1741 3043 2018 3091 Medicinae
2064 3044 2181 3105 viri,
2243 3044 2510 3095 testiculos

1449 3122 1718 3180 amputare
1756 3117 1852 3165 sibi
1891 3118 2190 3180 Castorem
2227 3120 2364 3184 quod
2400 3121 2512 3171 sine

1449 3196 1570 3244 vitae
1619 3194 1807 3257 damno
1848 3194 1960 3244 fleri
2002 3210 2104 3244 non
2151 3197 2344 3260 possit:
2420 3199 2512 3249 sed

1448 3269 1705 3319 folliculos
1742 3271 1970 3335 geminos
2004 3287 2068 3321 ex
2109 3287 2209 3322 uno
2247 3288 2386 3324 nexu
2421 3274 2528 3324 de-’

1449 3345 1755 3409 pendentes,
1774 3348 1958 3413 quibus
1982 3348 2104 3399 insit
2128 3349 2205 3398 vis
2227 3351 2427 3400 medica
2445 3349 2512 3400 ad

1446 3423 1623 3485 plures
1660 3423 1879 3473 morbos.
1959 3424 2216 3488 Quicquid
2263 3427 2350 3486 sit,
2400 3427 2512 3475 sive

1445 3500 1542 3550 hoc
1566 3501 1676 3552 sive
1710 3502 1834 3551 illud
1876 3502 2177 3552 Castoreurn
2212 3504 2402 3567 passim
2427 3517 2512 3553 vo-

1445 3586 1615 3629 catur.
2361 3587 2368 3604 '

1514 3654 1743 3721 δίυγρα]
1775 3655 1907 3703 Pars
1927 3654 2035 3715 lini,
2053 3655 2237 3704 cortici
2256 3655 2512 3718 proxima,

1446 3738 1616 3795 stuppa
1640 3731 1848 3780 dicitur.
1915 3732 2100 3794 virgil.
2123 3731 2139 3759 ‘
2159 3732 2392 3795 Stuppea
2412 3739 2515 3782 tor·

1452 3816 1696 3872 quentem
1718 3806 1949 3855 Balearis
1973 3806 2191 3856 verbera
2212 3806 2425 3857 fundae?

1515 3884 1751 3949 Ebemcm]
1784 3883 1955 3932 Arbor
1993 3890 2072 3934 est
2107 3884 2412 3947 spississima
2441 3885 2516 3934 ni·

1451 3961 1529 4026 gri
1574 3961 1780 4023 colonis,
1822 3974 1970 4024 quam
2014 3961 2292 4024 AEthiopioe
2335 3961 2518 4011 tribuit

1457 4037 1773 4099 Herodotus,
1813 4037 1971 4086 ludiae
2008 4052 2131 4086 vero
2175 4038 2310 4087 Plin.
2345 4043 2515 4087 xuni.

1453 4128 1517 4161 ex
1543 4113 1791 4177 Virgilio:
1835 4111 1921 4160 ubi
1961 4120 2015 4162 et
2054 4115 2228 4162 Romae
2265 4116 2513 4176 conspec-

1452 4196 1557 4238 tam
1595 4190 1669 4238 alt
1706 4190 1924 4252 primum
1962 4191 2013 4238 in
2055 4190 2311 4253 triumpho
2343 4188 2517 4254 magui

1454 4270 1689 4333 Pompeii
1731 4270 2106 4322 Mithridatico.
2169 4268 2356 4334 Vin-gil.
2381 4271 2515 4321 Geo.
