3050 4913
566 388 698 457 156

564 543 872 624 Exiet-aa,
899 565 983 611 ne
1007 544 1221 611 nunc!

1330 406 1375 454 A
1387 436 1404 455 .
1453 400 1714 454 Pnnsn-
1748 404 2013 454 runem

1309 544 1474 624 Hie,
1498 546 1633 624 hic,
1665 564 1866 630 quem
1892 546 2274 631 qnaerimuS,
2300 546 2410 612 hic
2439 553 2566 625 est,
2605 550 2612 557 ’
2691 538 2700 547 ’

564 643 723 710 Non
749 646 820 710 in
844 646 1117 725 festuca,
1146 647 1336 712 lictor
1366 667 1569 730 quam
1587 647 1809 731 ,iactat
1834 648 2126 731 ineptae.

2631 649 2759 714 175

562 745 612 810 J
613 765 698 811 us
726 745 928 812 habet
953 748 1062 811 ille
1091 747 1195 812 sui
1226 748 1458 832 palpo,
1489 769 1692 833 quem
1719 748 1905 815 ducit
1929 750 2215 815 hiantem

562 948 698 1000 quens
729 936 1083 999 investigamus,
1101 938 1181 987 ille
1201 944 1301 988 est:
1333 954 1569 990 mvero
1602 940 1644 989 is
1681 939 2500 1014 qumuppuriloruunasugitutia
2535 938 2764 989 vindicta.

560 1003 644 1051 Aa
682 1001 755 1050 aa
790 1004 1276 1066 doniaiumpossidct
1313 1006 1532 1054 adulator
1570 1006 1666 1067 ille,
1705 1005 2228 1069 qumanana-trahit
2256 1002 2768 1056 annemundum?

1482 1136 1538 1153 θ’
1544 1136 1596 1154 ‘0
1603 1135 1835 1155 NONOOO

1099 1218 1190 1263 175
1225 1215 1363 1264 lictor
1382 1229 1515 1279 quem
1537 1215 1643 1264 Ms.
1671 1217 1731 1267 R.
1754 1216 1942 1280 iniquo
1969 1215 2074 1267 Ms.
2098 1215 2218 1265 Gal.

1554 1342 1773 1395 NOTAE

630 1457 726 1504 174
762 1452 842 1503 Ne
877 1453 1021 1517 auae]
1083 1453 1190 1504 Alii
1232 1456 1533 1520 explicant:
1579 1457 1623 1505 si

562 1544 772 1594 prorsus
795 1544 1096 1580 excusse-ras
1119 1532 1405 1582 meretricis
1430 1540 1488 1582 et
1513 1532 1627 1582 libi·

560 1607 694 1656 dinis
718 1608 919 1671 jugum,
963 1607 1107 1672 signa
1150 1608 1295 1657 dabis
1334 1607 1626 1658 certissima

556 1688 666 1731 ωε
710 1681 987 1742 libertatis,
1030 1698 1147 1732 cum
1203 1699 1298 1733 nec
1354 1691 1623 1749 rogantem

556 1756 754 1807 audies.
820 1755 928 1807 Alii
964 1759 1163 1822 legunt,
1199 1774 1322 1808 auae
1354 1775 1475 1809 uuae
1498 1776 1520 1819 ,-
1566 1765 1624 1809 et

546 1832 778 1897 jungunt
794 1847 910 1882 eum
934 1834 1267 1898 sequentibus
1288 1851 1303 1895 ς
1345 1835 1436 1883 sed
1460 1836 1623 1885 multo

556 1909 727 1958 minus
756 1909 982 1973 placent,
1015 1909 1356 1975 videnturque
1380 1917 1621 1961 truncare

558 1984 750 2048 priora.
816 1986 1004 2049 Itaque
1024 1987 1287 2036 concludit
1308 1988 1394 2037 hie
1416 1988 1620 2037 Stoicus

559 2059 911 2124 syllogismum
960 2076 1057 2124 per
1095 2063 1453 2126 aposiopesim,
1504 2078 1620 2129 quae

559 2137 794 2200 suppleri
812 2143 986 2200 potest
1003 2138 1076 2187 sie
1095 2155 1107 2187 ε
1129 2152 1267 2199 ergo,
1287 2153 1317 2187 o
1337 2140 1412 2189 M.
1432 2140 1624 2202 Dama,

558 2211 839 2260 tandemne
879 2212 1025 2275 capis
1061 2212 1333 2262 discrimen
1349 2214 1528 2278 ingens
1548 2214 1623 2263 in-

557 2292 643 2336 ter
681 2285 977 2337 libertatem
1023 2288 1195 2349 animi,
1230 2295 1287 2337 et
1323 2289 1622 2339 libertatem

557 2362 822 2427 corporis?
858 2369 1134 2427 praeterea,
1155 2364 1365 2413 videsne
1383 2378 1486 2413 non
1505 2379 1624 2414 eum

555 2440 935 2490 essecontiuuo
978 2438 1192 2490 liberum
1228 2441 1413 2505 animo,
1436 2442 1525 2508 qui
1549 2458 1654 2504 se·‚

553 2515 658 2566 mel
682 2523 772 2566 ant
810 2516 998 2566 iterum
1044 2517 1327 2567 reluctatus
1352 2525 1432 2567 est
1471 2518 1626 2578 vitiis,

554 2598 613 2641 et
674 2592 1023 2656 importunam
1082 2606 1262 2642 eorum
1319 2594 1625 2643 servitutem

555 2670 784 2719 tentavit
827 2671 1109 2720 excutere?
1174 2671 1431 2734 Spectasti
1477 2678 1625 2721 certe

556 2744 962 2796 Charestratum
979 2746 1124 2796 illum
1147 2757 1365 2810 corpore
1386 2747 1624 2810 liberum,

556 2820 648 2869 sed
690 2820 895 2870 libidini
933 2823 1240 2872 servientem
1280 2821 1475 2873 frustra
1518 2831 1623 2873 tre-

554 2896 777 2960 pidasse,
817 2903 874 2947 et
912 2897 1177 2962 Chrysidis
1218 2899 1354 2949 baud
1394 2900 1623 2965 potuisse

555 2970 818 3021 declinare
835 2979 925 3022 ant
941 2971 1183 3036 frangere
1205 2974 1433 3040 laqueos,
1449 2988 1623 3039 quam·

554 3046 636 3096 vis
673 3047 727 3096 id
759 3054 974 3098 conatus
1012 3048 1080 3098 sit
1119 3048 1314 3110 facere,
1358 3056 1414 3099 et
1437 3050 1623 3114 jugum

554 3122 776 3173 amoliri.

621 3198 849 3264 Hic,1«ic,
866 3199 1494 3264 quenquam-inustam]
1517 3201 1624 3254 Qui

555 3275 784 3326 oblatam
827 3277 1029 3341 spernit
1050 3278 1375 3327 occasionem
1401 3285 1492 3328 aut
1511 3276 1638 3327 libis

554 3353 688 3403 dinis
728 3354 1019 3417 explendae,
1064 3361 1155 3404 ant
1207 3353 1433 3404 faciendi
1472 3355 1624 3417 lucri,

553 3434 652 3481 διο.
696 3431 798 3495 hic,
837 3430 939 3492 hic,
972 3431 1202 3495 inquam,
1236 3445 1360 3480 vere
1378 3432 1547 3480 animo
1569 3430 1626 3480 li-

554 3507 650 3558 ber
672 3513 785 3571 est‚-
810 3507 896 3558 bic
931 3512 1031 3568 est,
1057 3522 1211 3572 quem
1242 3508 1532 3571 quievimus,
1567 3513 1625 3555 et

555 3598 715 3649 quent
738 3585 792 3633 in
814 3590 887 3646 te,
910 3599 941 3633 o
970 3585 1160 3648 Dama,
1190 3599 1293 3634 non
1318 3585 1622 3633 invenimus.

554 3687 561 3692 -
620 3664 713 3709 1⁷5
751 3660 1284 3724 Noaiasestuou‚85c.]
1333 3659 1476 3708 Talis
1497 3672 1626 3708 vero

554 3749 656 3785 non
682 3743 803 3798 ·est,
838 3750 992 3801 quem
1039 3737 1243 3787 Praetor
1281 3736 1512 3786 vindicta
1551 3733 1626 3784 fa·

555 3810 631 3860 cit
661 3812 880 3863 liberum
903 3814 1062 3875 civili,
1087 3814 1225 3879 qnod
1249 3828 1405 3863 unum
1427 3819 1624 3877 potest,

555 3888 819 3939 libertate.

514 4001 517 4004 Α
560 3995 565 4000 ·
621 3963 848 4026 Festum]
882 3963 1103 4015 Quidam
1125 3966 1389 4031 accipiunt
1403 3979 1498 4030 pro
1520 3963 1622 4013 vir-

557 4054 639 4105 ga,
695 4053 788 4089 sen
843 4039 1048 4102 bacillo,
1100 4040 1335 4106 adeoque
1370 4040 1619 4101 vindicta,

556 4131 711 4182 qnam
756 4115 934 4166 Lictor
970 4116 1195 4167 Praetori
1236 4116 1511 4180 offerebat,
1546 4117 1621 4166 in-

556 4195 760 4259 quiunt,
796 4206 827 4243 e
862 4189 1090 4242 fascibus
1122 4201 1435 4261 extractam,
1461 4201 1519 4243 ut
1541 4208 1622 4257 ea,

557 4270 623 4319 de
644 4283 810 4334 more,
850 4269 1245 4321 manumittendi
1268 4277 1430 4338 caput
1451 4271 1622 4336 pulsa·

1704 1463 1806 1519 ret,
1825 1463 1884 1506 nt
1899 1469 2055 1520 snpra
2073 1454 2457 1519 explicavimus.
2513 1451 2623 1502 Alii
2646 1466 2771 1502 vero

1703 1545 1796 1595 pro
1841 1533 2049 1596 stipula,
2083 1546 2236 1597 qnam
2276 1530 2455 1581 dicunt
2487 1531 2539 1579 in
2577 1528 2768 1592 co'rpns

1704 1609 1817 1672 ejus
1840 1609 1927 1674 qni
1947 1608 2286 1671 liberabatur,
2325 1607 2469 1672 injici
2488 1615 2545 1657 et
2577 1607 2771 1670 insper-

1704 1683 1755 1746 gi
1802 1683 2006 1733 solitam
2062 1698 2094 1732 a
2155 1683 2389 1745 Lictore,
2447 1688 2581 1732 teste
2643 1681 2768 1730 Plu·

1706 1758 1906 1820 tart-bo,
1927 1758 1995 1807 de
2016 1771 2131 1807 sera
2152 1758 2258 1806 Dei
2275 1757 2526 1806 vindicta.
2590 1756 2770 1805 Plaut-

1706 1836 2086 1886 Mil.Glor.1v.
2111 1839 2158 1885 l.
2186 1839 2263 1885 15.
2306 1836 2323 1863 ⁴
2347 1833 2769 1886 Quid?Ean’in·

1705 1925 1890 1974 genua,
1938 1925 2004 1960 an
2034 1909 2237 1961 festuca
2282 1907 2423 1961 facta
2456 1924 2488 1959 e
2526 1923 2680 1959 serva
2713 1909 2771 1957 li·

1704 1988 1830 2036 bera
1854 1996 1936 2036 est
1951 1987 1984 2035 ἲ·

1701 2074 1707 2081 ·
1768 2062 1957 2125 Lictor]
2011 2061 2354 2127 Apparebant
2407 2059 2639 2110 Praetori
2683 2073 2770 2109 sex

1701 2140 1926 2189 ministri
1978 2153 2070 2189 seu
2117 2140 2373 2203 fictores,
2410 2145 2518 2187 t'um
2565 2137 2774 2186 honoris

1703 2229 1878 2276 cansa,
1899 2221 2008 2263 tum
2027 2213 2312 2263 ministerii.

1770 2289 1951 2353 Οιωιι]
1983 2290 2070 2340 Sic
2106 2290 2285 2354 legunt
2314 2289 2422 2352 alii,
2465 2294 2523 2339 et
2539 2286 2768 2347 adferta·

1701 2381 1807 2416 cum
1838 2366 2092 2429 referunt,
2122 2380 2275 2429 quam
2310 2380 2342 2414 a
2369 2365 2559 2414 lictore
2575 2361 2769 2427 jactari

1702 2458 1814 2493 mos
1839 2449 1978 2493 esset
2001 2460 2015 2492 ε
2050 2442 2158 2506 alii,
2186 2456 2340 2507 quein,
2360 2448 2418 2491 et
2439 2438 2678 2491 referunt
2705 2439 2769 2489 ad

1704 2533 1841 2581 eum,
1879 2518 1967 2583 qui
2002 2520 2330 2568 asserebatur
2361 2519 2412 2566 in
2454 2517 2771 2579 libertatem,

1704 2610 1769 2645 eo
1792 2595 1947 2645 modo
1971 2609 2072 2660 quo
2095 2609 2215 2644 mox
2238 2594 2481 2644 diximus.

1768 2669 1961 2732 Jaceat]
2013 2669 2130 2720 Hoc
2171 2669 2348 2718 etiam·
2370 2669 2458 2718 alii
2504 2668 2772 2733 explicant

1703 2746 1897 2806 aliter;
1951 2746 2033 2795 vel
2062 2745 2242 2807 jactat,
2282 2745 2335 2794 id
2376 2752 2480 2808 est,
2518 2744 2772 2795 festucam

1703 2822 1904 2885 injicit3
1937 2824 2019 2872 vel
2032 2823 2189 2884 jactae
2206 2822 2458 2882 lictor-‚id
2481 2829 2587 2886 eat,
2608 2829 2774 2871 osten·

1702 2906 1782 2949 tat
1802 2900 1995 2964 populo
2016 2898 2271 2949 hominem
2308 2913 2338 2948 e
2375 2913 2527 2949 servo
2549 2898 2771 2948 liberum

1702 2974 1990 3039 derepente
2006 2973 2223 3025 factum.

1699 3078 1708 3086 ·
1769 3051 1987 3116 Inepta]
2054 3052 2152 3100 Vel
2210 3050 2432 3101 Lictoris
2486 3051 2778 3115 epitheton,

1700 3134 2022 3178 contemtum
2066 3127 2332 3177 indicans:
2383 3127 2467 3176 vel
2514 3126 2773 3191 signifieat

1701 3218 1804 3253 non
1826 3203 2001 3253 valere
2023 3203 2088 3252 ad
2114 3202 2480 3253 conferendam
2514 3203 2674 3253 animi
2716 3202 2774 3251 li·

1702 3279 1979 3339 bertatem‚
2000 3279 2092 3329 sed
2117 3286 2324 3329 tautum
2346 3278 2415 3328 ad
2437 3278 2668 3329 civilem.

1703 3384 1710 3390 ·
1770 3356 1989 3405 nouas
2025 3354 2164 3404 habet
2202 3353 2284 3403 ille
2315 3353 2413 3415 sai,
2445 3352 2556 3416 qa]
2615 3350 2773 3403 Aliud

1703 3431 1996 3494 exemplum
2035 3430 2101 3479 de
2143 3428 2440 3491 ambitioso,
2481 3429 2627 3494 qnod
2668 3442 2777 3478 rnr-

1701 3521 1811 3556 snm
1852 3505 2039 3556 incutit
2079 3505 2258 3555 Dama
2301 3506 2538 3569 Stoicus,·
2567 3505 2636 3554 ad
2660 3518 2777 3555 enm

1705 3582 1905 3647 plenius
1947 3581 2375 3632 convincendum.
2440 3580 2550 3644 An,
2586 3581 2777 3647 inquit,

1704 3658 1826 3708 talis
1867 3658 2016 3707 homo
2056 3657 2213 3707 babet
2240 3658 2318 3706 sni
2352 3664 2692 3721 potestatem,
2725 3663 2780 3706 et

1703 3734 1862 3784 animi
1902 3733 2233 3784 libertatem?
2264 3734 2469 3784 Seneca
2491 3734 2649 3798 dicit,
2668 3750 2777 3784 aua-

1702 3825 1784 3860 m
1797 3825 1889 3860 m
1902 3809 2073 3859 babere
2091 3809 2311 3871 divitias,
2341 3811 2424 3860 sed
2437 3826 2471 3859 a
2491 3812 2681 3861 diuitiis
2693 3812 2775 3861 h·

1702 3887 1820 3938 beri.
1888 3888 1961 3937 Et
1982 3886 2047 3937 de
2073 3885 2239 3936 Laide
2273 3887 2540 3950 jactabat.
2555 3886 2776 3952 Aristip-

1702 3977 1819 4027 pus,
1839 3960 1961 4025 ἔχει,
1982 3961 2094 4012 ἀλλ’
2112 3962 2196 4012 οὐκ
2219 3960 2407 4024 ἔχομαι.

1768 4038 1942 4103 Palpo]
1974 4030 2108 4088 sint
2121 4039 2211 4104 qni
2228 4039 2529 4092 ablativum·
2538 4007 2722 4092 din-ut
2744 4054 2774 4086 a

1657 4143 1660 4146 -
1699 4116 1890 4167 nomin.
1931 4117 2154 4180 pulpam,
2175 4115 2255 4164 id
2262 4122 2366 4177 est,
2380 4115 2617 4179 illiciam,
2639 4116 2778 4166 blan-

1699 4192 2021 4241 dimentum·
2007 4224 2021 4238 .
2054 4198 2112 4240 at
2151 4205 2267 4240 cum
2297 4191 2413 4241 aliis
2433 4191 2624 4241 melius
2646 4192 2783 4241 aeci-

1699 4271 1813 4338 pies
1833 4271 1890 4321 in
1904 4271 2241 4336 nominativo,
2265 4271 2428 4337 palpo,
2452 4271 2581 4336 sais,
2604 4270 2661 4324 id
2681 4278 2783 4331 est,
