3050 4913
470 313 519 380 8
1253 337 1349 386 nn
1398 335 1645 386 rnnsu
1696 326 1900 399 vlu,

471 473 782 543 Persium
808 477 1530 566 redeamus,.pau10qqe
1560 483 1937 546 accuratius
1989 481 2071 544 de
2121 501 2201 546 eo
2253 501 2489 565 genere
2535 482 2679 548 dis-

472 598 793 660 seramuS,
825 580 1008 663 quod
1058 581 1168 645 ille
1214 586 1492 648 secutus,
1520 586 1640 644 est.
1714 580 2101 647 ,Videamus
2149 586 2347 667 igitur
2386 587 2673 669 primum

475 683 558 747 de
608 686 1021 766 argumentis,
1078 704 1229 767 quae
1283 683 1629 748 tractanda
1674 685 1804 748 sibi
1864 687 2229 770 proposuit,
2275 690 2341 751 in
2397 708 2672 770 quorum

476 785 738 855 delectu
784 805 1022 868 magna
1068 788 1290 850 cautio
1342 785 1646 862 habenda
1694 791 1798 852 est
1839 788 2079 872 poetae.
2156 835 2163 852 ἰ
2194 790 2457 853 Debent
2498 789 2676 853 enim

474 907 623 962 esse
667 888 1017 970 ejusmodi,
1064 893 1138 951 ut
1177 909 1298 971 per
1339 908 1413 952 se
1449 890 1595 973 jam
1640 890 1953 955 lectorem
1986 892 2484 974 vquodammodo
2533 893 2682 956 alli-

477 992 676 1067 ciant,
706 997 858 1054 nota
888 991 1152 1074 quidem
1180 997 1381 1073 atque
1421 992 1725 1074 insignia,
1756 994 1855 1057 ita
1881 1000 2102 1057 tamen
2131 996 2347 1058 animo
2377 1014 2679 1077 compre-

474 1093 698 1169 hensa,
730 1100 805 1156 ut
843 1093 1157 1156 novitatis
1204 1111 1466 1175 quoque
1515 1095 1792 1174 gratiam
1823 1095 2133 1172 habeant,
2165 1115 2536 1178 quanquam
2570 1096 2699 1160 vel.

474 1194 905 1276 negligentius
965 1194 1516 1277 circumspicienti
1573 1196 1820 1279 ubique
1863 1196 2068 1260 obvia
2111 1195 2481 1260 videantur.
2591 1197 2691 1260 lu-

476 1297 692 1380 prima
719 1297 924 1359 satira
952 1298 1084 1377 egit
1117 1295 1362 1360 Noster
1389 1297 1470 1360 de
1493 1297 1866 1380 importuna
1895 1299 2226 1362 scribendi
2257 1305 2324 1361 et
2361 1298 2677 1362 recitandi

479 1395 815 1481 cupidine,
859 1416 940 1460 ac
991 1398 1073 1461 de
1120 1417 1329 1481 pravo
1375 1403 1440 1461 ct
1488 1406 1793 1482 corrupto
1826 1400 2192 1464 venustatis
2221 1406 2288 1463 et
2310 1399 2681 1483 pulchritu-

478 1498 651 1565 dinis
685 1500 960 1585 judicio.
1051 1500 1131 1564 In
1162 1500 1453 1565 secunda
1482 1501 1565 1564 de
1591 1502 1898 1584 precibus
1928 1502 2249 1585 improbis
2296 1510 2364 1566 et
2409 1501 2678 1583 ineptis.

479 1600 710 1667 Tertia
767 1601 1167 1666 desidiosam
1222 1609 1288 1666 et
1334 1603 1599 1666 mollem
1650 1601 2022 1680 Romanam
2070 1603 2481 1687 juventutem
2526 1623 2679 1685 per-

477 1704 776 1785 stringit3
824 1710 1060 1788 quarta
1086 1703 1398 1786 regnandi
1428 1704 1856 1787 cupiditatem
1884 1725 2228 1789 rerumque
2258 1707 2680 1787 publicarum

479 1826 731 1884 curam,
783 1825 1007 1871 eorum
1049 1807 1339 1870 omnium
1387 1805 1706 1887 ignaram,
1759 1807 2002 1888 quibus
2052 1807 2172 1872 niti
2220 1807 2473 1871 debeat.
2592 1806 2679 1870 In

481 1910 713 1993 quinta
740 1909 824 1972 de
851 1928 1007 1986 vera
1032 1908 1335 1972 libertate
1360 1909 1572 1990 agitur
1594 1929 1613 1989 ς
1663 1907 1731 1970 in
1758 1915 1952 1972 sexta
1980 1909 2063 1972 de
2090 1908 2385 1991 legitimo
2412 1908 2685 1974 divitia-

480 2031 627 2075 rum
655 2017 768 2074 aut
794 2011 889 2074 rei
911 2010 1256 2075 familiaris
1282 2029 1433 2076 usu.
1522 2010 1606 2074 In
1635 2012 1868 2094 prima,
1895 2010 2108 2088 tertia,
2132 2016 2366 2094 quarta
2394 2017 2458 2076 et
2484 2017 2684 2076 sexta

480 2129 614 2176 non
634 2116 768 2175 tam
796 2113 867 2174 in
907 2112 1164 2176 delectu
1191 2131 1410 2175 rerum
1438 2131 1769 2195 peccasse
1800 2112 2106 2176 Persium
2135 2112 2437 2191 dixerim,
2478 2131 2681 2196 quam

482 2215 553 2278 in
581 2218 1005 2297 tractatione3
1052 2221 1270 2280 tamen
1319 2217 1387 2279 in
1433 2217 1626 2280 tertia
1671 2221 1736 2280 et
1781 2220 1978 2280 sexta
2005 2234 2155 2302 meo
2186 2215 2449 2298 quidem
2481 2235 2684 2280 sensu

481 2315 745 2382 felicius
773 2323 1072 2382 versatus
1097 2326 1219 2382 est.
1325 2315 1651 2381 Secundae
1697 2318 1921 2382 satirae
1964 2322 2408 2399 argumentum
2461 2317 2683 2381 miuus

483 2425 710 2503 aptum
752 2419 1012 2486 videtur
1075 2419 1343 2484 satirico
1403 2416 1650 2502 poetae,
1700 2419 1763 2483 ei
1813 2419 2202 2502 praesertim,
2253 2418 2368 2502 qui
2411 2419 2685 2502 pietatis

484 2540 679 2597 sensu
726 2526 866 2586 tam
913 2522 1328 2586 vehementer
1376 2521 1666 2584 imbutus
1716 2525 1837 2598 est,
1869 2540 2069 2605 quam
2099 2520 2421 2601 Persius;
2474 2541 2683 2605 quan-

484 2642 685 2706 quam
713 2623 759 2687 J
762 2624 1062 2689 uvenalis
1107 2630 1197 2687 et·
1220 2624 1346 2688 hoc
1393 2623 1560 2688 satis
1589 2618 1933 2687 commode
1961 2625 2289 2701 tractavit,
2314 2642 2541 2688 verum
2570 2623 2686 2687 de-

485 2725 867 2790 clamatoria
929 2727 1178 2791 ratione
1238 2726 1452 2808 magis
1500 2743 1703 2807 quam
1746 2726 2034 2791 satirica.
2144 2724 2461 2789 Luciano.
2489 2724 2688 2789 risori

484 2826 720 2892 melius
747 2846 854 2889 res
892 2828 1238 2910 processit.
1329 2827 1464 2891 Sed
1513 2829 1583 2891 in
1635 2827 1886 2910 quintae
1917 2829 2139 2892 satirae
2171 2830 2546 2909 argumento
2573 2826 2682 2890 de-

485 2926 773 3010 ligendo,
804 2946 934 2990 uon
980 2946 1017 2990 e
1064 2928 1201 2992 vita
1239 2930 1598 3006 communi,
1645 2949 1873 2992 verum
1919 2950 1956 2992 e
2005 2929 2254 2993 Stoicae
2302 2928 2691 3011 disciplinae*

486 3029 931 3111 penetralibus
975 3028 1344 3112 depromto,
1406 3031 1601 3115 cujus
1643 3030 1856 3095 sacris
1898 3048 1981 3093 ne
2025 3030 2169 3113 ipse
2207 3030 2477 3112 quidem
2518 3030 2688 3093 satis

488 3128 785 3194 initiatus
832 3131 1043 3194 fuisse
1086 3130 1365 3209 videtur,
1396 3131 1691 3196 maxime
1741 3131 1963 3195 forsan
2011 3131 2345 3213 peccavit.
2432 3130 2689 3214 Dispu-

485 3226 651 3296 tatio
695 3232 890 3311 enim,
930 3253 1083 3316 quae
1132 3234 1355 3298 subtili
1403 3254 1618 3297 rerum
1664 3252 1709 3297 a
1754 3232 2084 3297 communi
2124 3251 2250 3295 usu
2293 3237 2690 3295 remotarum

487 3332 777 3399 finitione
803 3334 1055 3412 nititur,
1085 3335 1153 3399 in
1195 3353 1331 3417 qua
1357 3335 1615 3400 animus
1660 3336 1766 3400 vel
1816 3334 2106 3398 maxime
2137 3333 2223 3397 ab
2254 3332 2594 3397 oculorum
2623 3338 2693 3397 et

489 3436 744 3501 aurium
792 3437 1258 3501 consuetudine
1281 3492 1286 3497 ,
1308 3435 1688 3501 avocandus
1748 3441 1869 3514 est,
1934 3455 2058 3518 per
2123 3454 2197 3498 se
2237 3434 2380 3518 jam
2431 3452 2693 3498 omnem

487 3536 822 3619 poeticam
851 3540 1304 3604 tractationem
1339 3540 1627 3623 respuit3
1674 3539 1920 3621 quique
1958 3556 2106 3601 eam
2134 3536 2562 3601 nihilominus
2587 3543 2695 3600 ta-v

490 3660 642 3705 men
671 3643 1039 3720 tentaverit,
1068 3643 1130 3706 is
1156 3662 1370 3725 neque
1409 3642 1593 3725 apud
1632 3641 2009 3723 disciplinae
2037 3639 2235 3703 rudes
2264 3658 2479 3724 neque
2508 3636 2692 3721 apud

488 3741 924 3826 philosophos
976 3744 1254 3824 gratiam
1303 3744 1515 3807 inibit.
1630 3740 1984 3825 Ejusmodi
2042 3743 2214 3805 enim
2285 3742 2693 3824 quaestiones

494 3844 711 3907 verbis
750 3843 995 3922 scholae
1028 3844 1319 3922 omissiS,
1352 3849 1426 3909 ut
1466 3842 1691 3927 poetae
1726 3862 1868 3926 ⁴par
1896 3850 2019 3921 est,
2051 3841 2395 3906 commode
2422 3841 2693 3905 tractari

489 3944 612 4008 vix
639 3950 948 4029 possunt;
996 3966 1117 4010 nec
1160 3947 1382 4029 quivis
1408 3946 1615 4010 lcctor
1645 3946 1913 4023 subtilis
1938 3945 2257 4009 orationis
2285 3962 2549 4006 sensum
2582 3962 2695 4007 ca-

492 4066 649 4130 pere
679 4044 879 4124 valet,
909 4045 1037 4110 nisi
1069 4046 1357 4111 Stoicam
1386 4047 1702 4112 rationem
1744 4047 1936 4131 quasi
1966 4046 2035 4109 in
2063 4051 2401 4110 numerato
2428 4044 2694 4117 habeat.

492 4148 815 4216 Videmus
844 4146 1109 4233 quidem
1131 4148 1434 4213 Persium
1463 4167 1736 4233 oporam
1765 4146 1944 4226 darc,
1974 4152 2044 4212 ut
2071 4145 2488 4212 scholasticis
2511 4165 2665 4210 com
