3050 4913
1112 412 1359 462 PBRSH

297 557 513 623 inpane
533 556 845 621 perlustrare
862 558 919 604 et
938 554 1228 620 pervagari.
1265 555 1360 603 Ca·

300 633 433 683 snb.
464 629 696 681 Turneb.
721 642 817 680 xx.
842 636 889 680 1.

368 713 434 758 84
470 705 692 770 Cumque,
709 705 816 770 ξι]
851 704 1089 769 Respicit
1113 705 1179 754 ad
1213 703 1362 753 fabu-

299 784 405 833 lam
430 781 671 832 Herculis
692 781 921 832 Prodici.
959 780 1097 831 Vide
1120 781 1289 831 Cicer.
1312 785 1360 832 1.

299 857 440 910 offic.
462 866 518 908 et
540 858 777 921 Xenoph.
796 856 1224 919 a.—Anb=·guam]
1258 857 1362 907 Ubi

302 935 542 985 nimirum
565 933 863 997 ambigitur,
879 947 995 998 qua
1016 933 1099 981 via
1120 932 1361 983 insisten-

300 1012 371 1061 da
416 1009 910 1072 sin—Ambigua]
971 1009 1126 1062 Quod
1167 1008 1361 1059 animos

302 1086 545 1137 distrahit
589 1092 644 1135 et
694 1084 959 1149 ambiguos
1005 1084 1361 1133 reddin-Et

299 1161 427 1225 sita]
463 1161 623 1215 Quasi
653 1160 752 1209 viae
789 1160 995 1209 nescius
1032 1173 1191 1208 error.
1261 1159 1362 1208 De-

303 1234 781 1300 scriptiojuvenilis
805 1234 994 1298 aetatis,
1011 1236 1063 1284 in
1080 1249 1182 1299 qua
1203 1236 1360 1285 maxi·

301 1328 388 1363 ma
410 1313 609 1364 consilii
626 1311 973 1362 imbecillitas.
1000 1310 1170 1361 Lubet
1204 1313 1362 1361 Error

300 1404 394 1439 seu
418 1388 668 1453 ignoratio
691 1402 885 1449 eorum,
909 1402 1026 1452 quae
1043 1393 1163 1436 suut
1183 1402 1359 1437 neces-

300 1465 437 1514 saria
480 1463 547 1513 ad
588 1464 746 1513 vitam
786 1463 917 1513 bene
969 1463 1358 1513 instituendam.

308 1539 513 1591 Casanb.

366 1620 430 1665 ⁸5
467 1614 694 1678 Deducit]
734 1614 835 1664 llla
872 1615 1006 1664 euim
1045 1620 1202 1664 aetate
1246 1629 1359 1665 cer-

300 1697 413 1741 tum
454 1691 575 1740 vitm
615 1705 774 1754 genus
812 1690 1360 1756 eligendum—Trepi—

300 1765 412 1828 ὼε]
468 1764 822 1827 Alternantes‚
853 1765 1006 1816 modo
1044 1767 1161 1826 hoc,
1206 1766 1359 1817 modo

298 1841 427 1891 illud
450 1848 800 1906 capessentes,
823 1840 1028 1901 dubias,
1050 1841 1360 1892 incertas.—

299 1917 651 1980 nemmem]
700 1917 765 1967 In
804 1917 996 1968 bivium
1030 1917 1244 1966 duorum
1279 1932 1358 1966 ra·

298 2007 517 2056 morum,
550 1993 758 2042 virtutis
780 1998 836 2041 et
869 1992 1001 2054 vitii,
1036 1992 1090 2042 in
1124 1993 1278 2043 litera
1310 1994 1360 2043 Y

300 2067 614 2132 Pythagorae
674 2082 1052 2132 expressorum.
1151 2069 1359 2118 &msa

302 2144 516 2208 respicit
538 2144 604 2193 ad
626 2144 693 2204 Y,
715 2158 829 2209 quoe
864 2143 991 2192 duos
1018 2144 1160 2208 quasi
1191 2158 1357 2193 ramos

297 2220 454 2270 arbor
494 2218 980 2282 haben—Compita]
1034 2218 1168 2268 Sunt
1205 2219 1359 2281 bivia,

300 2295 368 2344 de
409 2296 593 2359 quibus
637 2294 834 2345 dictum
876 2294 987 2345 Sat.
1020 2294 1358 2359 precedenti.

367 2454 435 2500 86
469 2450 571 2513 Me,
590 2447 694 2513 θα]
714 2447 814 2500 Illa
836 2453 995 2500 etate
1015 2464 1097 2499 me
1121 2447 1219 2498 tibi
1238 2463 1357 2513 sup·

297 2527 464 2591 posui,
485 2541 669 2590 meque
698 2525 794 2576 tibi
818 2524 1193 2575 instituendum
1217 2525 1357 2574 exhi-

297 2604 674 2655 bnt—Tenem
709 2601 875 2665 oms]
927 2603 1054 2665 Pro,
1086 2604 1271 2653 Persio
1303 2603 1354 2652 in

298 2680 491 2731 teneris
513 2680 677 2743 annis,
698 2686 754 2729 et
774 2686 931 2730 oetste
964 2686 1145 2729 tenera
1166 2678 1356 2728 consti·

297 2763 431 2806 tntu.
495 2756 668 2805 Lubin.

362 2835 428 2880 87
462 2831 703 2880 Socratico
737 2830 870 2893 sina]
900 2829 1128 2895 suscipis
1163 2843 1246 2879 me
1281 2828 1356 2879 fo-

293 2907 522 2956 vendum
541 2907 595 2954 iu
617 2907 729 2955 sinu
754 2914 861 2969 tuo,
878 2907 966 2971 qui
988 2921 1044 2955 es
1063 2905 1356 2956 Socraticus

294 2983 671 3046 Philosophus:
708 2995 869 3047 quare
914 2982 1190 3031 Socraticus
1224 2981 1357 3030 sinus

294 3066 383 3108 est
398 3057 655 3108 institutio
676 3058 729 3106 in
751 3057 930 3107 morali
956 3057 1356 3120 philosophia.—

299 3134 573 3197 naam]
620 3135 763 3183 Tunc
803 3133 1077 3197 disciplina
1114 3141 1222 3193 tua,
1256 3145 1358 3197 qua

288 3224 380 3261 rue
398 3210 642 3273 imbuisti,
661 3210 851 3259 direxit
869 3223 1054 3273 pravos
1078 3223 1219 3257 meos
1243 3222 1349 3257 mo·

286 3300 381 3337 res
419 3287 640 3346 sensim,
689 3292 846 3350 atque
883 3286 976 3347 ita,
1010 3284 1351 3346 utasperits-

290 3369 404 3413 tem
427 3376 573 3411 novt
597 3362 885 3425 disciplinae
907 3361 998 3409 vix
1016 3360 1169 3409 ullam
1194 3360 1355 3409 senti-

287 3453 424 3491 rem.
452 3437 654 3487 Casanb.
687 3438 946 3487 Salutaris
964 3437 1208 3486 virtutum
1227 3451 1355 3500 prae·

290 3522 474 3580 cepta,
496 3516 637 3564 velut
671 3515 832 3563 solers
865 3520 920 3562 et
957 3519 1203 3562 accurata
1232 3512 1353 3562 vitae

289 3595 531 3643 humane
557 3592 752 3654 regula,
784 3590 1173 3652 demonstravit,
1196 3589 1353 3639 intor-

288 3677 376 3721 ro·
422 3675 478 3718 et
522 3682 707 3731 pravos
751 3682 917 3717 mores
960 3665 1160 3728 fallere,
1188 3671 1259 3715 -et
1300 3666 1354 3715 in

289 3758 527 3795 errorem
571 3751 625 3793 et
667 3744 883 3792 exitium
931 3742 1355 3805 inducam-780-

290 3818 431 3881 lem]
464 3819 754 3881 Ingeniosa.
820 3817 995 3866 Labin.

358 3899 426 3945 88
456 3896 713 3958 Apposita]
749 3893 987 3956 Metaph.
1024 3908 1055 3941 a
1093 3891 1354 3943 fabrorum

288 3986 476 4024 norma
498 3972 580 4019 vel
617 3972 824 4032 regula;
861 3970 911 4018 id
945 3976 1045 4032 est,
1079 3971 1242 4020 Recta
1266 3978 1356 4018 tua

286 4047 474 4111 regula
494 4046 752 4109 adposita,
775 4045 1149 4095 demonstravit
1169 4060 1353 4095 curvos

288 4137 463 4174 mores
491 4136 592 4171 non
634 4136 747 4171 esse
787 4128 976 4185 rectos,
997 4130 1052 4171 et
1075 4121 1281 4186 saliere,
1300 4128 1355 4171 et

289 4217 330 4251 a
351 4207 501 4250 recto
526 4199 786 4249 aberrare.

358 4281 427 4329 89
458 4277 548 4346 Et,
566 4274 682 4341 ξω]
705 4274 1057 4328 certissimum
1080 4273 1216 4326 enim
1237 4289 1354 4341 pro·

2366 398 2501 468 259

1434 552 1608 604 fectus
1627 554 2009 618 documentum,
2029 553 2119 605 ubi
2140 515 2257 620 quiin
2280 554 2376 606 sibi
2399 556 2503 621 ipsi
2520 587 2529 590 ff

1434 631 1691 695 imperare
1730 631 1936 695 incipit,
1994 638 2051 681 et
2086 632 2354 697 appetitus
2416 634 2499 683 vel

1436 708 1635 756 animus
1657 707 2284 772 subjicimu—Prenitur]
2316 707 2368 758 A
2385 723 2498 759 rec-

1451 412 1613 460 SAT.
1660 414 1727 460 V.

1437 790 1491 833 ta
1513 783 1716 835 ratione
1737 783 2351 849 subjugatum—Anium]
2376 786 2496 837 Hoc

1435 860 1549 910 loco
1568 875 1662 924 pro
1677 861 1765 911 Ira
1780 860 1963 911 etaliis
1981 858 2254 912 affectibus
2269 862 2538 926 ponitur,-⁴

1433 936 1676 985 Lubin.-—
1685 935 1930 1000 Vinciqn,
1949 936 2055 999 ism]
2094 936 2263 987 Recte
2285 938 2500 990 laborat.-

1435 1018 1519 1061 est
1556 1013 1691 1062 enim
1735 1012 1883 1062 labor
1919 1012 2098 1075 ingens
2137 1019 2193 1062 et
2231 1019 2498 1065 certamen

1434 1089 1667 1153 arduum,
1690 1089 1895 1154 quando
1918 1090 2047 1140 vitia
2066 1090 2278 1141 domare
2300 1092 2501 1144 nititur.

1496 1248 1564 1293 40
1595 1242 1928 1309 Amfleemqae
1958 1241 2063 1304 tuo]
2111 1240 2328 1291 Animus
2350 1256 2495 1294 meus

1434 1321 1578 1370 rudis
1610 1327 1668 1371 et
1704 1317 1955 1382 informis,
1984 1318 2080 1368 sub
2111 1323 2199 1367 tua
2221 1317 2498 1382 disciplina

1433 1404 1489 1446 et
1511 1395 1856 1456 institutione,
1890 1399 2134 1458 tanquam
2159 1392 2257 1442 sub
2290 1393 2500 1456 pollice,

1434 1476 1489 1522 ct
1527 1485 1681 1523 manu
1737 1470 1970 1532 artificis,
2001 1467 2334 1519 artificiosum
2386 1470 2505 1521 vul-t

1434 1554 1544 1597 tum
1576 1546 1744 1610 ducit,
1779 1554 1836 1596 et
1863 1546 2094 1610 suscipit.
2129 1545 2301 1595 Lubau.
2368 1544 2494 1595 Ani-

1432 1637 1546 1674 mus
1582 1625 1749 1673 ducere
1796 1623 1978 1672 ωιὲιηι
2019 1621 2229 1683 dicitur,
2287 1621 2493 1687 quaudo

1432 1702 1582 1751 bonis
1621 1700 1851 1750 moribus
1885 1697 2232 1749 informatur:
2278 1713 2494 1762 quornm

1434 1793 1673 1844 persepe
1708 1778 1798 1828 dat
1833 1775 2260 1841 significationem
2302 1775 2497 1829 vultus.

1436 1851 1978 1917 casaub—Artificem]
2020 1853 2154 1900 Arte
2176 1848 2386 1914 factum,
2407 1850 2492 1901 vel

1432 1943 1623 1993 magna
1644 1943 1768 1979 cura
1805 1934 1959 1992 atque
1997 1932 2110 1975 arte
2146 1926 2490 1976 elaboratum.

1434 2004 1646 2053 Mallem
1689 2002 1795 2066 legi
1849 1998 2241 2066 misteria—Sub
2301 1999 2491 2063 pollice]

1429 2079 1540 2129 Sub
1562 2077 1887 2128 institutione
1909 2083 1965 2126 et
2002 2074 2362 2126 informatione
2386 2083 2493 2126 tua.

1432 2155 1587 2205 Idem.

1495 2235 1559 2281 41
1596 2230 1783 2292 Tem,
1804 2228 1912 2292 ξω]
1963 2230 2151 2279 Sensus
2190 2233 2303 2278 est:
2355 2227 2495 2282 Quia

1431 2305 1610 2368 etiam,
1634 2320 1665 2356 o
1688 2305 1933 2368 Cornute,
1959 2304 2259 2368 quotidiana
2280 2318 2495 2354 consue·

1432 2380 1616 2430 tudine
1639 2385 1694 2430 et
1732 2377 2082 2429 familiaritate
2102 2378 2231 2428 adeo
2250 2380 2497 2442 conjunc·

1429 2458 1627 2507 tissime
1650 2464 1823 2506 tecum
1844 2454 2035 2505 vixisse
2075 2454 2301 2516 memini,
2320 2459 2378 2502 ut
2398 2454 2499 2504 eti·

1428 2548 1510 2582 am
1532 2534 1714 2597 longos
1733 2531 1840 2580 dies
1864 2530 2134 2593 colloquiis
2153 2527 2494 2578 familiaribus

1430 2617 1602 2660 tecum
1626 2606 1975 2657 contriverim.
2017 2605 2168 2653 Iden.

1493 2689 1561 2734 42
1595 2684 1683 2746 Ee,
1702 2679 1810 2745 ξω]
1844 2664 1959 2730 Nec
1977 2679 2161 2728 diurno
2175 2679 2337 2727 solum
2362 2684 2493 2729 tem-

1431 2774 1559 2825 pore
1599 2758 1697 2808 tibi
1735 2757 1917 2806 adesse
1952 2755 2178 2818 memini,
2214 2756 2311 2804 sed
2352 2769 2493 2819 soepe

1432 2842 1603 2891 tecum
1617 2823 1864 2895 ffioenare,
1910 2839 1963 2881 et
2003 2832 2139 2880 inter
2183 2830 2494 2893 epulandum

1431 2911 1622 2975 primas
1653 2908 1820 2958 noctis
1855 2912 2030 2970 partes
2054 2913 2110 2955 et
2146 2907 2292 2955 horas
2317 2905 2495 2956 decer-

1430 2999 1575 3050 pere.
1608 2983 2061 3042 Labis.-Primas,
2082 2980 2194 3043 θα]
2243 2980 2494 3031 Convivia

1431 3062 1588 3126 paulo
1609 3067 1732 3109 ante
1755 3066 1981 3117 noctem,
2002 3058 2098 3105 hoc
2122 3064 2225 3117 est,
2251 3064 2371 3119 post
2403 3056 2492 3105 ho-

1429 3151 1541 3186 ram
1562 3136 1816 3185 decimam
1840 3151 1872 3183 a
1893 3133 2076 3183 sobriis
2116 3132 2413 3195 adibantur,
2437 3138 2496 3182 et

1428 3214 1480 3262 in
1524 3214 1740 3278 primam
1787 3218 1995 3261 noctem
2042 3210 2492 3274 protrahebantur.

1431 3288 1625 3338 Primus
1654 3288 1829 3351 itaque
1868 3290 2043 3346 noctes,
2079 3285 2189 3334 sive
2230 3299 2381 3334 unam
2404 3289 2494 3333 aut

1428 3366 1643 3414 alteram
1664 3364 1840 3411 horam
1876 3361 2068 3424 noctis,
2097 3360 2214 3411 cibo
2246 3358 2494 3409 sumendo

1428 3439 1818 3504 impendebant.

1491 3519 1557 3564 43
1588 3513 1878 3577 Um,s·c.]
1901 3512 1964 3563 Id
1982 3520 2081 3575 est,
2098 3510 2290 3562 Iisdem
2308 3508 2490 3559 studiis

1429 3606 1753 3652 exercemur,
1773 3590 1954 3640 eodem
1977 3588 2089 3639 ocio
2111 3586 2345 3636 fruimur.
2388 3587 2491 3636 Ea-

1430 3668 1548 3718 dem
1594 3666 1767 3717 studia
1809 3674 2028 3730 uterque
2076 3662 2388 3727 appetimus,
2432 3667 2490 3712 et

1429 3756 1743 3793 aversamur.
1782 3740 1986 3790 cmub.

1492 3825 1558 3869 44
1592 3819 1887 3882 Atque,4·c.]
1936 3816 1998 3866 Id
2032 3823 2132 3878 est,
2162 3814 2411 3865 Honestis
2434 3822 2492 3867 ot

1431 3894 1676 3945 modestis
1700 3893 1764 3941 ad
1790 3906 2016 3942 mensam
2041 3890 2378 3953 sermonibus,
2407 3891 2490 3954 jo-

1428 3972 1503 4021 cis
1523 3979 1578 4019 et
1600 3969 1807 4028 salibus,
1828 3968 1963 4016 seria
1984 3967 2069 4017 illa
2094 3974 2148 4014 et
2172 3980 2355 4015 severa
2377 3980 2492 4030 gra-

1429 4047 1624 4095 viorum
1659 4043 1966 4106 studiorum,
2002 4044 2234 4093 laxamus
2273 4049 2328 4092 et
2364 4048 2492 4092 tem-

1429 4137 1688 4188 peramus.
1722 4120 1890 4172 Lubin.

1491 4203 1556 4248 45
1592 4199 1720 4261 Non,
1739 4195 1844 4259 ξω]
1879 4198 2067 4246 Sensus
2087 4202 2199 4245 est:
2254 4193 2370 4243 Non
2394 4190 2489 4239 du-

1426 4274 1541 4326 bito
1573 4273 1697 4341 quin
1727 4272 2036 4337 arctissima,
2066 4278 2223 4337 atque
2256 4266 2388 4318 adeo
2410 4264 2490 4317 fa-
