3050 4913
512 287 685 354 1178
950 268 957 275 ⁴
1185 302 1570 352 nuent-rsus
1617 300 2043 352 ummonum

587 445 811 505 Eodem
861 444 1013 504 forte
1058 463 1215 504 anno
1264 445 1422 524 typis
1469 462 1746 522 expressa
1775 453 1863 502 est
1891 442 2004 501 alia
2031 440 2226 502 Editio
2255 442 2539 515 Romana,
2571 464 2710 523 qum

507 541 684 620 vulgo
711 542 956 599 habetur
978 542 1239 600 omnium
1270 543 1566 620 princep3‚
1609 552 1669 600 et
1697 540 1976 617 inscripta
2005 548 2131 598 est.

586 636 887 697 Juvenum
938 636 1177 715 Satyra·
1226 645 1283 696 et
1336 637 1536 697 Flacci
1581 638 1788 696 Persii
1842 636 2501 695 Volaterrani—Komai
2544 631 2717 716 apud

514 731 850 811 Udalrt'cum
887 733 1310 793 Gallum—fol.
1338 738 1570 810 (1470.)

586 831 680 890 De
706 851 773 890 ea
794 833 911 891 vid.
941 832 1299 909 Hamberger
1325 831 1363 889 1.
1386 831 1428 889 l.
1449 841 1508 890 et
1537 830 1833 890 Maittaire
1855 834 2012 889 Ann.
2034 839 2269 909 typogr.
2291 833 2370 889 T.
2397 848 2443 889 1.
2473 851 2535 909 p.
2565 838 2705 900 ⁹297.

506 925 606 1003 qui
636 934 832 989 tamen
876 939 1171 1004 externam
1213 938 1438 987 tantum
1487 927 1619 995 libri
1662 927 1935 1005 speciem,
1976 946 2047 986 ac
2075 947 2146 985 ne
2176 927 2314 985 satis
2344 927 2580 1004 quidem
2611 946 2708 985 ac·

502 1035 725 1097 curate,
755 1027 1117 1097 describunt,
1146 1044 1256 1085 nec
1286 1024 1361 1084 de
1387 1026 1599 1084 critico
1622 1023 1751 1102 ejus
1781 1044 1889 1083 usu
1918 1024 2129 1084 soliciti
2160 1026 2338 1083 fuere.
2384 1023 2714 1091 Quomodo

502 1118 702 1198 itaque
751 1123 877 1181 haec
927 1123 1107 1182 editio
1144 1142 1179 1180 a
1207 1123 1500 1200 superiore
1529 1121 1781 1191 differat,
1825 1130 1885 1181 et
1914 1121 2209 1200 quodnam
2240 1121 2292 1179 ei
2322 1120 2700 1180 statuendum

501 1215 576 1275 sit
602 1218 877 1294 pretinm,
921 1218 1115 1277 dicere
1163 1238 1278 1277 non
1329 1218 1545 1288 habeo,
1589 1238 1726 1276 cum
1756 1218 2016 1299 nondum
2047 1238 2081 1275 a
2111 1238 2409 1295 quoquam
2440 1237 2579 1276 cnm
2607 1217 2704 1276 ina

501 1312 589 1371 vel
618 1314 867 1391 vulgatis
894 1315 1064 1375 editt.
1095 1324 1434 1395 comparata
1460 1314 1556 1385 sit,
1601 1314 1760 1393 quod
1790 1314 2012 1374 factum
2042 1315 2269 1374 vellem.

576 1413 801 1470 Veneta
832 1429 878 1472 1.
919 1412 1003 1488 (in
1031 1414 1167 1473 Var.
1198 1412 1358 1471 Lect.
1387 1430 1446 1472 n.
1478 1413 1604 1484 51.)
1642 1412 1954 1471 Juvenalis
1982 1410 2239 1489 Satyra,
2274 1430 2388 1489 per
2417 1410 2702 1469 Simonem

498 1504 833 1586 Biuilaqua
877 1509 977 1584 (al.
1027 1507 1435 1585 Beuiluquam)
1502 1509 1877 1587 Papimem,
1928 1510 2185 1569 venetiis
2236 1510 2359 1567 sine
2405 1508 2699 1567 mentione

491 1603 809 1664 anni-foL

574 1700 749 1761 Hanc
774 1701 1113 1772 editionem,
1156 1720 1192 1760 a
1220 1701 1291 1762 C.
1321 1701 1402 1761 G.
1433 1700 1792 1772 Schwarzio,
1822 1702 2147 1763 academiae
2176 1702 2469 1781 quondam
2500 1701 2701 1761 Altor-

491 1793 627 1855 finae
672 1798 857 1870 Prof„
901 1800 1010 1859 sibi
1061 1819 1201 1858 cum
1246 1799 1391 1869 aliis,
1451 1797 1602 1858 infra
1651 1800 2058 1870 memorandis,
2103 1800 2558 1877 suppeditatum,
2612 1799 2706 1857 in·-

494 1895 681 1971 spexit
708 1896 982 1967 Beckius‚
1025 1916 1098 1955 ex
1127 1896 1303 1974 cujus
1348 1897 1591 1956 Dissert.
1640 1916 1774 1975 quae
1823 1897 2098 1975 inscripta
2140 1909 2263 1955 est:
2310 1896 2694 1955 ‘Observatt.

490 1990 777 2071 philolog.
829 1993 887 2052 in
946 1995 1185 2073 Satyrus
1228 1993 1523 2053 ,Iuvenalis
1578 1992 1728 2052 duas
1775 1994 2014 2071 priores,
2079 1992 2557 2071 quas—-praeside
2603 1994 2692 2052 M.

489 2086 696 2148 Ulrico
747 2090 1002 2151 Sebasti.
1048 2090 1264 2150 Beckio
1314 2090 1790 2170 Norimbergensi
1823 2086 2059 2170 publice
2104 2090 2512 2169 disquirendas
2565 2109 2699 2167 pro-

486 2185 658 2260 ponit
683 2185 777 2246 J0.
806 2188 938 2247 Jac.
983 2188 1167 2257 Hanc,
1210 2184 1450 2246 Altorfii
1500 2193 1697 2256 1732!
1737 2197 1795 2247 4.
1839 2207 1944 2246 nos
1989 2206 2404 2264 nonnunquam
2452 2187 2509 2245 in
2544 2187 2691 2246 ‘Var-

485 2280 653 2339 Lect.
704 2302 832 2341 eam
877 2284 1266 2345 laudavimus.
1354 2276 1754 2355 In'omnibuffi
1801 2285 2017 2361 quibus
2047 2304 2174 2344 eam
2208 2284 2459 2343 Beckius
2487 2304 2696 2343 consu-

482 2376 609 2448 luit,
651 2378 789 2439 locis
815 2381 1047 2440 easdem
1076 2383 1315 2442 exhibet
1341 2382 1648 2453 lectiones,
1695 2403 1828 2462 quae
1873 2384 1928 2440 in
1970 2381 2113 2441 edit.
2157 2381 2437 2440 L'ocatelli
2478 2382 2691 2441 Venet.

490 2483 664 2545 1492.
694 2479 1082 2555 reperiuntur,
1123 2480 1233 2540 nisi
1263 2481 1422 2559 quod
1473 2483 1599 2542 Sat.
1651 2493 1730 2540 11.
1787 2480 1920 2542 164.
1972 2481 2028 2539 in
2059 2481 2170 2539 hac
2201 2480 2430 2539 Zelates
2457 2480 2689 2559 legitur,

481 2580 543 2632 et
569 2572 629 2631 in
659 2573 755 2633 ina
784 2574 1044 2638 Zalaces.
1129 2579 1344 2656 Neque
1387 2579 1559 2640 etiam
1608 2580 1795 2657 prima
1838 2578 1985 2638 edit.
2031 2579 2253 2638 Veneta
2282 2598 2405 2637 esse
2440 2577 2688 2646 videtur,

478 2669 590 2729 etsi
615 2669 698 2731 ita
724 2691 855 2734 eam
881 2673 1109 2735 vocavi.
1190 2676 1404 2736 Annus
1430 2677 1488 2736 in
1518 2678 1643 2737 aliis
1669 2677 1840 2737 editt.
1869 2683 2016 2735 untt.
2046 2674 2206 2746 addi,
2256 2675 2312 2733 iu
2341 2674 2467 2733 aliis
2495 2674 2690 2734 omitti

476 2765 648 2829 solet.
695 2769 771 2828 V.
801 2770 1009 2850 Heyne
1036 2771 1093 2831 in
1121 2773 1294 2834 Praef.
1323 2774 1397 2833 ad
1420 2774 1651 2834 Tibull.

1482 2880 1659 2939 1473.

527 2950 872 3023 ·Brixiensis
901 2980 950 3024 1.
993 2965 1303 3026 mentalis
1350 2974 1408 3027 et
1458 2968 1661 3029 Persii
1708 2967 1983 3047 Satyrae:
2007 2965 2257 3047 jubente
2305 2965 2684 3044 Presbytero,

475 3057 669 3118 Petro
704 3059 876 3133 Villa,
910 3065 1036 3123 sine
1063 3066 1237 3134 notis,
1284 3066 1707 3126 Brixiae.--fol.
1742 3074 1919 3134 1473.

553 3155 704 3216 Haec
734 3177 973 3238 quoque
1001 3159 1180 3219 editio
1207 3161 1467 3220 nondum
1496 3181 1535 3220 a
1562 3181 1886 3240 quoquam,
1918 3160 2077 3239 quod
2101 3159 2306 3228 sciam,
2337 3158 2550 3217 collata
2570 3166 2684 3218 est.

471 3251 846 3314 Describitur
906 3255 1145 3333 quidem
1191 3257 1247 3317 in
1300 3257 1556 3334 Specim.
1599 3259 1816 3317 literar.
1878 3255 2191 3336 Brixiensis
2239 3256 2306 3315 P.
2342 3272 2386 3314 1.
2446 3274 2508 3332 p.
2549 3260 2681 3315 125.

469 3367 605 3428 sqq.
633 3343 886 3410 sed'non
914 3351 1017 3423 ita,
1047 3363 1113 3411 ut
1141 3353 1409 3413 criticum
1440 3352 1572 3430 ejus
1599 3373 1766 3412 usum
1796 3353 1935 3412 inde
1966 3371 2320 3431 cognoscere
2348 3351 2547 3411 liceat.

1487 3461 1662 3521 1474.

550 3543 1006 3605 Mediolanensis
1035 3562 1082 3605 1.
1135 3546 1218 3622 (in
1248 3548 1386 3608 Var.
1413 3550 1582 3609 Lect.
1631 3571 1689 3609 n.
1721 3552 1843 3623 52.)
1884 3547 2189 3608 Juvenalis
2233 3552 2292 3605 et
2333 3546 2537 3606 Persii
2572 3544 2681 3606 Sa-

460 3642 1029 3717 aetyrae—-Mediolani
1048 3662 1165 3722 per
1191 3644 1424 3706 Antan.
1473 3646 1762 3707 Zaratum
1809 3645 2179 3722 (Zarothum)
2224 3641 2682 3703 Parmemem«

374 3775 381 3782 -
464 3733 566 3793 fol.
601 3744 775 3804 1474.

540 3830 759 3910 'Neque
802 3835 991 3912 hujus,
1040 3857 1234 3917 neque
1276 3841 1627 3918 reliquarum
1659 3840 1983 3900 editionum
2018 3836 2545 3898 Mediolanenstum
2575 3836 2676 3913 (de

462 3927 679 4006 quibua
705 3949 762 3989 v.
791 3931 951 3990 Saxii
983 3933 1118 3992 hist.
1152 3945 1383 4014 typogr.
1415 3936 1692 4008 Mediol.)
1722 3938 2011 4015 exempla,
2042 3936 2151 3994 etsi
2178 3934 2488 4011 diligenter
2516 3951 2680 4011 quae·

458 4025 589 4097 sita,
631 4024 884 4086 invenire
932 4028 1074 4088 mihi
1121 4033 1389 4108 contigit.
1477 4032 1695 4093 Vellem
1746 4034 1965 4110 itaque,
2013 4042 2095 4102 ut,
2142 4030 2316 4089 sicui
2359 4035 2430 4086 ad
2465 4047 2671 4112 manus

461 4121 597 4198 ⁸1¹2&
639 4123 851 4194 critica,
879 4143 1017 4192 cum
1045 4145 1191 4205 curu
1216 4148 1320 4193 eu·
1343 4121 1663 4194 excuteret.
1743 4130 1809 4190 Si
1834 4139 2032 4191 tamen
2057 4148 2130 4189 ex
2156 4127 2270 4188 iuis
2313 4124 2673 4210 lectionibus
