3050 4913
1248 371 1523 421 SAURA
1572 372 1672 421 lv.

361 512 627 589 Dicere,
660 511 935 577 sorbitio
964 513 1141 579 tollit
1161 533 1357 597 quem
1388 514 1537 579 dira
1560 514 1798 580 cicutae
1821 512 1876 599 z)

359 611 521 691 Quo
551 613 807 678 fretus?
856 614 964 679 dic
993 615 1145 693 hoc,
1174 615 1397 698 magui
1427 616 1686 699 pupille
1716 617 1980 682 Pericli.

354 819 587 886 interficit
606 836 757 870 saeras
777 822 973 871 hamus
992 822 1217 886 cicueoe.)
1249 824 1411 889 Ecqua
1431 838 1482 873 re
1503 822 1688 876 nexus?
1720 824 1965 889 Rupes-cte
1991 825 2131 889 illud,
2153 840 2183 876 o
2202 825 2383 890 pupille
2399 825 2564 887 magni

1284 952 1580 972 ‘tenetote

1582 953 1642 971 Ν

420 1035 449 1080 1
488 1030 596 1081 Hoc
625 1033 760 1083 crede
789 1034 931 1085 Edit.
964 1034 1246 1099 &ephe—2
1281 1034 1504 1089 Quidam
1528 1035 1695 1087 Codd.
1729 1038 1887 1095 dara,-
1919 1036 2086 1087 minus
2120 1041 2298 1086 recte:
2335 1036 2560 1086 cicutam

1351 1169 1566 1219 No'rAE

354 1272 544 1330 quarta
584 1281 756 1316 rursus
804 1268 1041 1333 ejusdem
1096 1268 1416 1322 Alcibiadem

353 1341 589 1393 Primum
612 1343 864 1408 imitatur,
893 1346 1120 1413 indeque
1145 1348 1419 1398 materiam

351 1434 558 1469 omnem
593 1436 653 1471 ac
675 1422 931 1472 Personas
955 1426 1185 1486 assumit,
1219 1432 1279 1475 ut
1312 1427 1417 1475 Nc·

353 1498 487 1558 roni,
525 1512 677 1563 quem
715 1499 1017 1563 insectatur,
1048 1501 1229 1552 lateat.
1313 1502 1419 1552 Hie

351 1571 533 1638 itaque
568 1588 662 1637 per
688 1573 1013 1625 Alcibiadem
1055 1579 1201 1626 Nero
1235 1577 1421 1627 iutelli-

353 1648 570 1712 gendus,
607 1665 703 1714 per
746 1652 1010 1701 Socratem
1057 1652 1285 1716 Persius,
1332 1654 1419 1719 qui

344 1723 599 1787 juvenum
643 1728 1032 1791 Rempublicam
1071 1729 1206 1779 male
1238 1745 1418 1793 capes·

352 1800 573 1850 sentium
600 1802 867 1867 redarguit
900 1804 1213 1867 imperitiam
1247 1821 1306 1856 ac
1343 1815 1417 1857 te·

351 1875 663 1926 meritatem.

417 1952 684 2002 Barbatum
704 1954 1006 2017 mag-iseram]
1052 1955 1319 2006 Socratem
1344 1958 1421 2006 ni-

351 2026 558 2090 mirum,
595 2035 653 2077 ut
699 2029 924 2093 probant
965 2031 1228 2095 adjuncta.
1295 2034 1422 2083 Bar·

354 2102 518 2152 batam
537 2111 718 2165 vocat3
746 2106 824 2154 vel
850 2107 969 2171 quia
993 2108 1201 2157 barbam
1226 2108 1419 2173 alebat,

354 2179 780 2242 quemadmodum
807 2187 860 2229 et
896 2182 982 2231 alii
1007 2182 1068 2231 iis
1105 2183 1419 2247 temporibus

353 2255 656 2319 Philosophi
678 2273 691 2305 ε
717 2258 819 2318 vel,
842 2273 902 2307 eo
925 2259 1083 2324 quod,
1104 2266 1161 2309 ut
1195 2267 1420 2311 testatur

350 2332 548 2383 Tullius
572 2338 622 2382 4.
645 2332 710 2383 de
734 2334 962 2399 Finibus,
979 2337 1115 2400 apud
1156 2337 1414 2388 Romanos

353 2410 554 2475 antiqui
584 2410 858 2475 Sapientes
897 2412 1101 2462 honoris
1134 2427 1292 2463 causa
1315 2413 1420 2464 bar-

351 2484 455 2534 bati
476 2487 806 2537 vocabantur.
862 2490 931 2538 Et
959 2489 1091 2538 Pliu.
1116 2489 1168 2538 iu
1200 2491 1417 2554 Epistol.

350 2563 369 2591 ⁸
394 2563 600 2626 Barba‚’
634 2565 820 2630 inquit,
856 2568 870 2593 ‘
888 2567 1094 2629 sylvosa
1125 2575 1180 2615 et
1205 2568 1417 2631 pulchre

350 2638 500 2701 alita,
523 2641 752 2704 quamvis
770 2654 851 2690 res
888 2641 1001 2704 ipsa
1022 2642 1089 2691 sit
1111 2642 1340 2692 exterior
1362 2651 1419 2691 et

353 2710 590 2776 fortuita,
616 2716 752 2766 inter
788 2717 1002 2767 bominis
1041 2717 1235 2768 eruditi
1268 2718 1419 2784 insig-

351 2790 439 2838 nia
456 2794 792 2842 recensetur!
858 2792 1140 2843 Athenaeus
1174 2795 1264 2844 lib.
1289 2808 1416 2846 xm.

354 2866 430 2915 ait
450 2866 737 2919 Alexandri
762 2876 963 2920 tantum
987 2872 1181 2919 sarculo
1200 2870 1417 2921 barbam

354 2943 569 2994 radendi
588 2946 849 2996 invectum
868 2961 1080 3009 morem,
1099 2963 1159 2998 ac
1186 2949 1418 2999 derasam

351 3019 567 3070 barbam
585 3019 829 3085 flagitiosi
844 3022 1061 3071 hominis
1081 3031 1257 3073 notam
1292 3024 1421 3074 exti-

351 3094 497 3144 tisse.

421 3172 738 3236 Magistrum]
774 3174 877 3223 Seu
897 3174 1017 3239 quia
1039 3172 1144 3224 fuit
1178 3176 1418 3227 Socrates

351 3245 681 3311 Paedagogus
707 3248 992 3299 Alcibiadis
1013 3267 1025 3299 ε
1048 3251 1157 3301 sive
1180 3253 1339 3316 quod,
1357 3260 1417 3303 ut

353 3324 514 3374 babet
567 3327 750 3375 Cicero
787 3327 854 3375 de
911 3326 1125 3377 Finibus
1159 3340 1221 3378 ιι.
1270 3343 1321 3379 n.
1367 3333 1414 3377 l.

351 3399 370 3427 ⁸
395 3399 638 3450 Socrates
683 3402 1026 3467 l'hilosophiae
1070 3418 1255 3467 parens
1295 3405 1418 3468 jure

351 3475 458 3525 dici
484 3477 689 3540 potest!
726 3492 786 3527 ιι.
820 3479 887 3527 de
920 3481 1124 3529 Natura
1166 3482 1421 3541 Deorum,

350 3568 408 3604 ιι.
453 3558 568 3605 167.
618 3558 633 3584 ‘
659 3556 910 3621 Princeps
952 3565 1033 3607 est
1084 3558 1419 3624 Philosopho-

353 3630 508 3679 rum.'
549 3633 701 3681 Tusc-
726 3635 926 3684 Quaest.
952 3646 1035 3681 ιιι.
1077 3648 1126 3683 ιι.
1149 3639 1197 3683 8.
1221 3635 1236 3660 ‘
1257 3635 1306 3684 A
1330 3637 1419 3684 So·

352 3713 504 3756 crate
525 3709 686 3757 omnis
711 3724 822 3772 quae
839 3715 920 3757 est
938 3709 1002 3758 de
1019 3712 1129 3759 vita
1146 3718 1200 3760 et
1224 3711 1290 3760 de
1314 3726 1418 3761 mo·

355 3782 500 3832 ribus
514 3784 842 3849 Philosophia
861 3787 1124 3836 manavit.'
1189 3789 1340 3838 Tusc.
1365 3803 1418 3840 V.

356 3873 411 3908 n.
437 3863 515 3908 10.
534 3861 550 3887 ‘
572 3860 778 3910 Primus
808 3861 894 3910 ille
917 3862 1307 3926 Philosophiam
1332 3865 1418 3914 de·

353 3937 562 3985 vocavit
584 3952 613 3985 e
638 3937 799 3996 Coelo,
822 3946 877 3988 et
919 3939 972 3987 in
1013 3940 1225 3990 urbibus
1267 3942 1420 3991 collo·

355 4011 515 4072 cavit,
575 4019 631 4061 ct
679 4013 731 4061 in
780 4013 957 4063 domos
1003 4015 1323 4066 introduxit:
1366 4025 1421 4068 et

358 4087 534 4153 coegit
558 4089 622 4138 de
649 4090 754 4138 vita
788 4098 842 4140 et
876 4092 1121 4156 moribus,
1164 4091 1420 4158 rebusque

355 4165 504 4215 bonis
527 4174 583 4216 et
605 4166 751 4228 malis
772 4168 1038 4231 quaerere!

419 4246 452 4292 2
501 4241 716 4292 Sorbitio
756 4243 945 4309 cicala]
1023 4243 1159 4296 Ptin.
1205 4258 1320 4298 xw.
1370 4252 1420 4297 ὃ.

1500 1274 1515 1301 ‘
1534 1272 1714 1335 Sicut,'
1738 1271 1922 1338 inquit,
1942 1273 1959 1301 ‘
1985 1272 2163 1322 cicuta
2194 1271 2385 1322 homini
2409 1286 2564 1322 venc-

1502 1363 1621 1396 num
1640 1354 1741 1409 est,
1772 1348 1846 1397 sic
1868 1348 2053 1398 cicutae
2088 1344 2298 1396 vinum)
2365 1347 2435 1396 Et
2470 1346 2564 1396 lib.

1498 1436 1631 1474 xxv.
1678 1425 1850 1487 capite
1882 1425 2093 1474 ultimo:
2139 1425 2155 1452 ‘
2182 1423 2368 1473 Cicuta
2407 1437 2564 1472 vene-

1499 1514 1620 1548 num
1644 1507 1746 1561 est,
1766 1500 1972 1563 publica
1996 1499 2386 1549 Atheniensium
2410 1513 2565 1563 poena

1499 1577 1704 1641 invisa,'
1723 1582 1823 1628 dcc.
1893 1578 2063 1642 Hujus
2086 1592 2292 1627 succum
2314 1577 2562 1626 lethalem

1499 1655 1566 1703 ab
1590 1655 1805 1718 ingratis
1838 1654 2039 1704 civibus
2064 1655 2269 1717 jussum
2291 1653 2563 1702 Socratem

1497 1727 1745 1791 ebibisse,
1763 1730 1910 1778 testis
1926 1735 2008 1778 est
2028 1730 2181 1778 Plato
2205 1742 2321 1776 cnm
2339 1727 2547 1778 ceteris.

1568 1806 1720 1860 Quem
1762 1806 1889 1855 toute
1926 1805 2056 1868 dir-a]
2129 1805 2330 1855 Socrati
2376 1818 2568 1869 nempe

1500 1883 1708 1931 oraculo
1731 1882 1984 1947 Apollinis
2007 1881 2382 1944 sapientissimo
2406 1880 2564 1930 homi-

1500 1972 1621 2006 nnm
1640 1958 1875 2021 judicato
1890 1960 2063 2023 plures
2077 1957 2398 2006 invidebant.
2433 1956 2563 2022 Ejus

1503 2041 1678 2083 autem
1698 2035 2148 2099 reprehensionum
2168 2032 2377 2098 quidam
2400 2032 2564 2098 impa-

1500 2109 1710 2171 tientes,
1760 2109 1946 2160 sraude
2000 2110 2376 2174 circumvento,
2414 2110 2563 2175 quasi

1502 2185 1748 2237 adversus
1788 2188 2090 2252 religionem
2148 2187 2380 2237 Deorum
2430 2200 2566 2236 nova

1499 2263 1731 2312 molienti
1769 2264 2052 2327 perniciem
2103 2263 2388 2313 machinati
2425 2268 2565 2313 suut.

1498 2339 1687 2387 Testes
1709 2346 1828 2388 sunt
1853 2338 2105 2403 Apuleius
2129 2338 2218 2388 lib.
2237 2352 2289 2388 x.
2311 2338 2377 2387 de
2402 2336 2565 2387 Asino

1499 2429 1689 2477 aureo;
1725 2415 1880 2465 Plato
1923 2415 1975 2465 iu
2020 2414 2252 2466 Socratis
2287 2412 2562 2477 Apologia.

1500 2491 1818 2554 Lactantius,
1840 2505 1891 2541 ν.
1911 2496 1989 2540 18.
2045 2492 2265 2540 Sanctus
2284 2490 2564 2553 Augustini.

1497 2566 1587 2616 lib.
1609 2580 1734 2618 vin.
1756 2571 1806 2616 8.
1832 2567 1896 2616 de
1937 2567 2165 2615 Civitate
2189 2566 2313 2626 Dei,
2342 2567 2357 2591 ‘
2381 2567 2565 2615 Socra-

1501 2642 1621 2703 tes,’
1665 2643 1849 2707 inquit,
1891 2642 1909 2669 ‘
1941 2641 2218 2690 concitatis
2281 2640 2561 2690 inimicitiis

1499 2720 1818 2768 calumniosa
1875 2718 2235 2767 criminatione
2286 2717 2562 2768 damnatus

1500 2802 1665 2844 morte
1683 2795 1962 2844 mulctatus
1983 2801 2083 2843 est.
2126 2792 2226 2843 Sed
2246 2807 2363 2842 eum
2383 2799 2564 2857 postea

1500 2872 1590 2920 illa
1609 2872 1721 2935 ipsa
1752 2886 1864 2937 quae
1890 2869 2094 2934 publice
2123 2869 2459 2920 damnaverat
2493 2867 2564 2917 A·

1500 2949 1840 2998 thenieusium
1864 2948 2046 2998 civitas
2074 2946 2279 3011 publice
2301 2945 2466 2994 luxit:
2509 2945 2563 2994 iu

1499 3023 1628 3073 duos
1648 3025 1761 3087 ejus
1777 3032 2106 3073 accusatores
2131 3035 2289 3086 usque
2312 3020 2442 3071 adeo
2466 3034 2556 3084 po-

1500 3100 1609 3163 puli
1645 3099 1998 3163 indignatione
2032 3111 2297 3160 conversa,
2334 3104 2395 3146 ut
2433 3111 2564 3146 unus

1497 3190 1678 3224 eorum
1714 3188 1992 3239 oppressus
2025 3174 2075 3222 vl
2110 3174 2450 3224 multitudinis
2489 3175 2564 3224 in·

1498 3253 1681 3302 tet-iret
1702 3269 1716 3313 ;
1748 3252 1902 3301 exilio
1918 3259 2088 3302 autem
2105 3251 2395 3301 voluntario
2404 3260 2564 3316 atque

1498 3337 1755 3394 perpetuo
1779 3344 1980 3393 poenam
2017 3329 2232 3378 similem
2272 3328 2408 3377 alter
2438 3340 2558 3377 eva-

1498 3407 1667 3457 deret.
1754 3407 1880 3455 Tam
1921 3406 2171 3470 praeclara
2225 3406 2383 3467 igitur
2436 3404 2559 3455 vitae

1500 3483 1783 3547 mortisque
1806 3481 1939 3530 t'ama
1960 3483 2202 3529 Socrates
2225 3479 2434 3542 reliquit
2452 3479 2563 3543 plu-

1500 3557 1656 3607 rimos
1691 3572 1795 3606 suoe
1843 3553 2188 3618 Philosophiae
2227 3555 2562 3604 Senatores!

1499 3631 1779 3682 Atheuaeus
1796 3631 1885 3679 lib.
1905 3642 2028 3678 xm.
2044 3628 2108 3678 ad
2127 3628 2300 3689 finem,
2318 3631 2473 3692 paulo
2493 3632 2567 3680 di-

1497 3723 1696 3758 versam
1713 3705 1864 3755 affert
1880 3720 2086 3755 causam
2109 3706 2289 3755 mortis
2309 3707 2533 3758 Socratis
2552 3727 2566 3769 ;

1497 3797 1684 3846 nempe
1706 3783 1774 3831 ob
1797 3781 2095 3847 frequentes
2125 3783 2240 3846 ejus
2273 3785 2327 3831 in
2360 3782 2566 3848 discep-

1501 3861 1656 3908 tando
1689 3859 2013 3923 ambitiones,
2033 3860 2189 3922 rixas,
2219 3867 2275 3910 et
2314 3861 2567 3924 importu-

1500 3952 1591 3985 uas
1616 3936 2056 4001 reprehensiones,
2091 3943 2145 3986 et
2166 3952 2284 3987 cum
2309 3937 2448 4002 apud
2471 3938 2562 3989 Ju-

1500 4013 1644 4063 diees
1666 4019 1805 4062 sorte
1828 4012 1994 4074 datus,
2026 4012 2375 4064 furacissimos
2406 4012 2567 4063 homi·

1499 4105 1608 4151 nes,
1633 4091 1697 4139 de
1712 4090 1857 4153 justo
1880 4090 2225 4141 disseruisset.

1573 4171 1603 4216 8
1641 4167 1941 4229 Quasi-em]
1976 4168 2095 4218 Qua
2121 4166 2325 4230 peritia,
2365 4179 2467 4228 quo
2489 4179 2568 4214 re·

1508 4259 1621 4294 rum
1644 4243 1966 4311 uam-quibus
1990 4243 2268 4294 virtutibus
2288 4243 2474 4308 polles,
2507 4251 2570 4293 ut
