3050 4913
1127 417 1586 470 uvvmmms.
1842 485 1871 496 β
2239 387 2257 400 ‘
2293 373 2470 469 1273

1003 630 1258 697 Codices
1305 627 1731 695 Burneienses.

334 809 554 879 codd.
576 809 1021 876 Burneienses
1048 812 1465 873 numerantur
1494 812 1673 884 oct0‚
1706 823 1983 888 quorum
2012 802 2279 887 plurimi
2320 801 2469 887 puls

258 915 391 980 elui
420 913 651 998 quoad
688 912 969 977 formam
996 913 1407 988 exteriorem,
1441 910 1558 973 sed
1590 929 1720 973 uon
1749 907 1943 972 valde
1977 906 2228 990 antiqui
2259 907 2470 969 nomi-

252 1017 374 1080 nis.
461 1014 666 1080 Varii
713 1033 944 1078 versus
995 1013 1402 1096 singulorum
1448 1011 1646 1076 codd.
1705 1010 1927 1073 collati
1980 1014 2132 1073 sunt
2176 1007 2262 1072 ad
2309 1028 2466 1091 pag.

259 1117 347 1181 H.
375 1115 456 1180 C.
495 1115 819 1180 Henninii
850 1133 1001 1178 cum
1027 1114 1206 1177 notis
1234 1111 1617 1190 variorum,
1671 1131 1824 1195 quae
1850 1110 2078 1193 'Lugd.
2112 1109 2471 1203 Bat5edita

257 1223 345 1282 est
369 1217 579 1282 1695.

336 1320 484 1382 Sub
534 1318 665 1381 fine
711 1318 913 1382 unius
958 1314 1178 1400 (191.)
1219 1315 1529 1379 scribitur
1594 1315 2032 1399 perobscure:
2108 1317 2131 1347 ‘
2163 1313 2294 1378 Die
2357 1313 2447 1379 26

257 1421 434 1487 Nov.
465 1423 636 1486 hora
664 1421 858 1485 tertia
881 1420 1099 1483 noctis
1127 1419 1325 1482 1464.
1372 1417 1796 1502 pontificatus
1828 1417 2191 1482 felicissimi
2224 1417 2472 1483 domini

159 1513 164 1520 Ι
257 1524 456 1588 nostri
491 1522 746 1586 domini
776 1520 972 1584 Pauli
1020 1519 1246 1584 divina
1292 1518 1729 1584 Providentia
1774 1519 1988 1603 Papae
2037 1521 2249 1583 sancti
2298 1538 2470 1583 anno

262 1626 475 1708 primo
502 1623 542 1704 3’
588 1629 653 1686 et
694 1631 766 1687 ut
794 1622 1059 1687 videtur
1109 1641 1151 1685 a
1195 1622 1280 1685 cl.
1327 1622 1527 1686 Doct.
1585 1621 1851 1705 Burney
1890 1622 2179 1686 lucidius
2209 1623 2296 1684 iis
2324 1642 2470 1686 ver-

261 1727 359 1790 bis
382 1727 539 1791 haec
569 1727 1119 1792 subscribuntur:
1185 1729 1208 1757 ‘
1240 1724 1498 1788 Paulus
1532 1741 1609 1788 ιι.
1662 1722 1958 1789 Venetus
2006 1725 2192 1807 prius
2232 1723 2473 1788 Petrus

265 1828 520 1892 Barbas
547 1833 855 1903 vocatus,
895 1846 1109 1909 nepos
1151 1824 1425 1907 Eugenii
1463 1841 1588 1903 tv„
1618 1825 1943 1890 successit
1972 1824 2101 1891 Pio
2134 1841 2215 1890 11.
2269 1822 2356 1888 A.
2388 1821 2469 1889 C.

262 1930 449 1995 1464.
546 1928 940 1993 Hoffmanni
970 1926 1314 1992 Lexicon.’

762 2070 1018 2136 Codices
1053 2069 1254 2136 Oxou.
1287 2069 1619 2136 Juvenalis
1649 2082 1706 2136 et
1743 2070 1980 2137 Persii.

343 2206 730 2271 Auctarium
755 2230 775 2268 .·
820 2207 1039 2272 Laud.
1086 2208 1238 2272 Lat.
1275 2208 1384 2272 79.
1474 2208 1636 2273 Juv.
1683 2214 1752 2273 et
1796 2208 1984 2272 Pers.
2033 2206 2241 2272 illum.
2269 2223 2475 2271 mem·

263 2309 440 2374 bran.
530 2309 746 2373 Tituli
772 2310 1010 2375 breves
1041 2310 1281 2375 Satiris
1311 2311 1758 2393 praefiguntur.
2334 2326 2340 2336 ·

341 2410 625 2477 Auctar.
657 2411 874 2477 Laud.
898 2407 1044 2477 Lat.
1073 2413 1179 2478 80.
1273 2411 1433 2478 Juv.
1466 2411 1610 2477 Sat.
1642 2413 1933 2477 chartac.
1964 2412 2106 2475 sine
2128 2410 2325 2476 notis,

338 2515 625 2579 Auctar.
658 2513 1069 2579 Rawlinson.
1112 2515 1262 2579 110.
1352 2512 1511 2578 Juv.
1561 2520 1635 2581 et
1675 2515 1866 2579 Pers.
1912 2515 2270 2595 membran.
2318 2530 2475 2578 cum

262 2620 454 2681 notis.
509 2617 692 2680 Sub
737 2616 929 2680 finem
972 2617 1118 2681 haec
1172 2617 1416 2682 verba:
1471 2620 1491 2648 ‘
1524 2613 1694 2681 Cod.
1749 2614 1887 2679 Ms.
1930 2615 2311 2697 comparavi
2340 2613 2477 2677 Ve-

264 2738 467 2795 rouae,
498 2717 793 2783 Antonio
820 2718 892 2781 di
917 2718 1206 2783 Bradich
1234 2719 1406 2783 med.
1444 2719 1645 2784 Doct.
1675 2719 1720 2782 3
1749 2716 1922 2781 Maii
1945 2713 2165 2782 1698?

348 2819 710 2885 Ludwicus
742 2819 1146 2906 Bourgulfius
1183 2818 1631 2898 Nemausensi8,
1674 2818 1822 2883 'exul
1840 2830 2101 2904 propter
2135 2815 2259 2883 SS.
2295 2812 2476 2881 Reli-

259 2923 498 3010 gionem
532 2920 806 2986 Domini
835 2924 1033 2987 nostri
1059 2921 1131 2988 J.
1160 2923 1397 2988 Christi
1420 2922 1878 3011 Βςῖονηιαιιιηι,
1908 2920 2130 3007 Tiguri
2159 2920 2355 2987 1686.

348 3026 486 3090 Hic
512 3045 752 3091 versus
781 3027 908 3089 sub
934 3026 1130 3090 finem
1159 3026 1504 3090 inseritur:
1636 3064 1643 3069 ·

528 3127 1106 3213 Explicit-ignotus
1134 3148 1256 3212 per
1284 3133 1496 3192 totum
1529 3125 1806 3191 Persius
1834 3127 2085 3191 orbem:

267 3230 346 3295 de
370 3250 508 3314 quo
532 3232 675 3296 vid.
729 3230 1117 3295 Recensum
1142 3234 1436 3294 nostrum
1465 3228 1848 3293 Editionum
1877 3228 2112 3306 Persii,
2141 3248 2212 3310 p.
2236 3227 2389 3293 300.

346 3330 631 3397 Auctar.
665 3331 746 3396 F.
777 3334 838 3396 5.
872 3333 934 3394 1.
981 3330 1351 3396 Membran.
1379 3332 1588 3396 illum.
1615 3351 1839 3415 pauca
1866 3331 2067 3396 habet
2094 3331 2369 3395 scholia.

346 3434 634 3500 Auctar.
669 3434 748 3499 F.
781 3436 845 3498 5.
874 3435 937 3499 2.
1024 3434 1068 3497 J
1074 3454 1187 3499 uv.
1217 3435 1505 3499 chartac.
1530 3434 1678 3499 cod.
1717 3436 1992 3498 multum
2024 3433 2474 3508 abbreviatu3‚

264 3543 328 3602 et
356 3556 512 3601 cum
541 3537 770 3601 multis
799 3537 1092 3602 scholiis,
1183 3537 1324 3602 Sub
1353 3538 1462 3601 fin.
1490 3539 1640 3602 haec
1671 3539 1917 3602 verba:
1984 3542 2004 3570 ‘
2037 3535 2332 3618 Explicit
2356 3552 2499 3615 pera

264 3657 368 3705 me
398 3639 676 3704 Petrum
703 3638 788 3702 do
818 3637 1100 3704 Goude.'
1187 3640 1398 3706 Extat
1428 3641 1516 3705 ad
1540 3640 1820 3705 eundem
1852 3639 2114 3702 Erasmi
2145 3633 2475 3719 Epistola,
2594 3633 2600 3640 ’

266 3759 306 3805 a
333 3739 604 3831 Merula
628 3740 922 3822 vulgata,
953 3746 1021 3804 et
1050 3743 1230 3826 apud
1259 3762 1407 3807 eam
1426 3743 1576 3807 cod.
1606 3742 1712 3805 hic
1738 3746 2152 3804 memoratur.

349 3840 637 3906 Auctar.
680 3840 759 3903 F.
799 3844 863 3905 5.
908 3843 975 3907 4.
1003 3920 1011 3926 ,
1063 3844 1222 3909 Juv.
1251 3851 1318 3909 et
1342 3844 1533 3909 Pers.
1561 3845 1914 3908 membran.
1946 3843 2087 3905 sine
2116 3847 2247 3906 not.
2335 3841 2476 3908 Sub

263 3942 404 4013 init.
432 3943 586 4006 haec
613 3940 865 4008 verba:
933 3949 954 3977 ‘
992 3944 1147 4008 Hoc
1197 3965 1369 4029 opus
1414 3951 1519 4010 est
1566 3966 1610 4010 a
1653 3966 1759 4009 me
1807 3944 2008 4008 Petro
2057 3943 2478 4010 Carmeliano

264 4050 564 4128 mptum
594 4043 702 4108 die
733 4061 910 4111 xm.
944 4046 1112 4113 Dec.
1141 4048 1334 4113 1491.
1384 4049 1452 4111 in
1499 4048 1683 4113 civit.
1733 4046 2014 4112 Londin.
2059 4047 2273 4131 pretio
2314 4047 2478 4111 duo-

263 4166 415 4212 rum
441 4148 805 4213 nobilium!
894 4149 976 4215 In
1006 4152 1139 4216 alio
1170 4152 1341 4229 loce,
1390 4156 1410 4184 ‘
1433 4171 1521 4216 ex
1550 4151 1741 4216 libris
1771 4150 1996 4217 Caroli
2026 4150 2285 4216 Hatton
2308 4149 2347 4231 ς’
2408 4150 2477 4212 iu

263 4250 408 4314 alio
439 4251 509 4314 hi
538 4251 674 4315 duo
705 4272 974 4319 versus:

403 4367 580 4432 υιιριμ
601 4374 650 4418 et
676 4368 790 4421 Vm.
816 4370 944 4420 σιω.
1385 4374 1495 4421 m.
2228 4371 2261 4417 4
2285 4366 2342 4415 M
