3050 4913
2458 324 2550 393 15

334 480 618 564 ‘Nero,¹⁵
660 491 797 550 tam
824 487 1184 551 absurdum
1235 492 1358 564 est,
1402 490 1478 551 ut
1524 486 1720 551 mirer
1759 486 1989 564 fuisse,
2020 487 2132 570 qui
2178 486 2554 570 hujusmodi

333 586 518 670 ‚quid
561 589 738 652 serio
779 593 1162 671 repeterent,
1203 605 1328 652 nec
1371 588 1819 670 intelligerent,
1880 607 1969 651 ex
2010 588 2197 651 varia
2241 589 2552 656 codicum

341 692 627 757 lectione
653 693 1151 776 grammaticum
1178 691 1407 755 nescio
1436 710 1632 773 quem
1660 689 1827 755 illud
1854 692 2299 756 somniasse.¹⁶

435 794 520 858 In
545 814 799 864 morum
828 794 1228 877 turpitudine
1257 793 1589 876 carpenda
1612 793 1769 857 dum
1795 798 2096 857 versatur
2125 793 2422 873 Persius,
2450 815 2553 862 res

335 893 518 959 adeo
564 896 626 959 ei
675 895 938 976 indigna
987 905 1187 978 atque
1235 894 1649 960 intoleranda
1694 895 1972 973 videtur,
2019 900 2119 973 ut,
2158 895 2419 977 judicio
2464 918 2554 964 ex

335 1001 575 1061 nostro
602 1013 802 1060 sensu
830 998 991 1074 lato,
1020 997 1242 1061 verbis
1292 1003 1358 1061 et
1395 997 1798 1061 dictionibus
1834 1002 2056 1061 utatur
2097 999 2456 1077 obscoenis,
2488 1007 2556 1066 et

333 1099 421 1163 ·in
448 1100 658 1182 tropis
686 1099 1048 1182 figurisque
1094 1099 1459 1182 deligendis
1508 1118 1771 1163 omnem
1817 1098 2088 1163 modum
2117 1098 2217 1162 ita
2243 1103 2552 1183 excedat,

345 1205 428 1264 nt
450 1200 791 1278 interdum,
822 1200 981 1283 quid
1029 1202 1158 1264 sibi
1196 1201 1382 1278 velit,
1423 1202 1620 1284 plane
1668 1202 2063 1266 nesciamus,
2183 1199 2433 1286 Atque,
2493 1205 2555 1269 si

343 1321 490 1366 rem
518 1304 896 1367 accuratius
944 1303 1456 1380 consideramus,
1496 1309 1795 1386 apparet,
1816 1322 1967 1367 eum
1991 1321 2123 1367 non
2153 1303 2275 1367 illa
2302 1306 2557 1370 abomi-

338 1405 573 1469 nanda
598 1406 910 1488 attigisse,
941 1407 1179 1489 quibus
1207 1406 1505 1470 homines
1542 1413 1701 1471 tnnc
1747 1406 1997 1490 passim
2025 1412 2211 1470 erant
2238 1409 2553 1473 contami·-

341 1509 516 1584 nati,
544 1507 662 1571 sed
687 1509 941 1574 leviora
967 1513 1243 1587 tantum,
1265 1514 1331 1573 et
1357 1510 1501 1592 jam
1538 1509 1815 1586 dudum,
1841 1509 2204 1592 praesertim
2236 1527 2279 1572 a
2306 1509 2554 1576 delica-

343 1610 532 1688 tulis,
560 1630 743 1675 more
763 1617 1056 1695 recepta,
1087 1612 1174 1676 ad
1202 1612 1633 1676 immodicum
1662 1612 1957 1694 corporis
1986 1611 2235 1674 cultum
2277 1611 2554 1678 effoemi-

336 1718 705 1796 natamque
775 1714 1118 1779 mollitiem
1187 1716 1429 1796 magiS,
1489 1732 1688 1797 quam
1749 1712 1836 1777 ad
1909 1730 2164 1778 morum
2212 1713 2554 1780 infamiam

350 1815 893 1898 voluptatumque
937 1816 1408 1900 turpitudinem
1452 1817 1841 1900 spectantia.
1930 1815 2160 1895 Quidt
2206 1816 2264 1880 si
2295 1836 2377 1880 ea
2406 1835 2555 1880 cas-

345 1917 644 2000 tigasset,
690 1937 844 2000 quse
886 1916 1238 1982 Iuvenalis
1281 1917 1678 2001 quibusdam
1726 1916 1897 1982 locis
1944 1919 2259 2000 exagitat,
2306 1917 2555 2001 quibus

346 2019 615 2085 tandem
640 2021 860 2084 verbis
887 2039 1041 2084 eum
1069 2038 1337 2084 usurum
1368 2018 1578 2082 fuisse
1601 2018 2096 2083 existimemus?
2142 2016 2392 2082 Verum
2410 2019 2553 2083 *illas

343 2119 699 2199 dictioueS,
748 2142 918 2205 quas
967 2123 1287 2200 adhibuit,
1331 2124 1549 2199 rebus,
1597 2140 1751 2205 quoe
1795 2124 2125 2198 notantur,
2176 2139 2555 2186 accommo-

343 2223 528 2289 'datae
599 2229 788 2304 sunt3
833 2245 956 2290 nec
999 2225 1137 2289 dici
1189 2231 1428 2310 potest,
1490 2243 1643 2288 eum
1702 2223 2147 2306 indignatione
2209 2224 2557 2306 abreptum

348 2326 714 2409 virgineum
731 2329 913 2391 illum
941 2327 1280 2411 pudorem,
1299 2346 1493 2410 quem
1514 2327 1717 2408 vulgo
1734 2327 1830 2390 illi
1857 2326 2239 2400 tribuerunt,
2263 2326 2554 2401 exuisse,

347 2446 509 2493 cum
534 2429 655 2493 illa
682 2429 886 2495 verba
927 2435 1078 2494 tunc
1123 2430 1231 2495 vel
1272 2451 1316 2495 a
1359 2431 1522 2494 viris
1564 2429 1855 2494 honestis
1897 2432 2387 2511 usurparentur,
2431 2444 2555 2491 nec

347 2530 594 2596 Cicero
651 2533 979 2597 erubuerit
1028 2533 1098 2596 in
1147 2531 1547 2616 Philippicis
1595 2530 1735 2595 suis
1787 2527 1869 2593 de
1916 2529 2112 2592 rebus
2153 2526 2553 2592 foedioribus

347 2635 575 2699 verbis
603 2635 806 2699 etiam
835 2634 1366 2699 obscoenioribus
1404 2633 1518 2697 uti.

789 339 1164 402 notemus,
1193 338 1292 388 m·
1336 338 1746 389 scamnum
1793 339 2121 389 GENBRB.

2332 2742 2372 2785 α

1354 2856 1569 2907 NO'rAE

385 2938 392 2945 .
418 2958 482 3027 15
517 2976 712 3040 Verba,
737 2991 852 3041 quae
880 2975 1125 3040 leguntur
1147 2975 1255 3025 Sat.
1279 2986 1317 3025 1.
1339 2990 1414 3026 vs.

351 3057 480 3105 121:
512 3056 530 3083 ‘
553 3054 825 3105 Auriculas
865 3053 995 3101 asini
1025 3052 1174 3102 Mida
1198 3066 1286 3102 rex
1324 3053 1414 3102 ha-

1493 2977 1733 3041 idemque
1766 2975 2046 3039 existimat,
2068 2987 2244 3022 versus
2282 2970 2393 3022 illos
2418 2967 2557 3020 dele-

1495 3060 1575 3103 tos
1612 3053 1678 3102 ad
1712 3066 1895 3102 novam
1918 3050 2125 3101 satiram
2149 3047 2460 3113 pertinuisse
2483 3046 2559 3096 in·

349 3130 479 3193 bet‚'
524 3136 703 3180 narrat
741 3130 862 3179 vitae
905 3135 1087 3179 auctor
1131 3129 1412 3179 Cornutum

349 3207 427 3256 ita
450 3207 576 3256 satis
600 3205 823 3255 absurde
849 3211 1100 3254 mutasse:
1153 3205 1168 3232 ‘
1197 3203 1413 3255 Auricu-

348 3284 424 3333 las
446 3282 575 3331 asini
591 3283 702 3347 quis
723 3297 824 3330 non
845 3280 1037 3330 habet!

406 3366 473 3413 10
492 3362 634 3412 Vitat
648 3368 829 3410 auctor
843 3366 1103 3425 praterea
1116 3359 1224 3409 boc
1240 3359 1421 3410 habet:

353 3440 369 3469 ‘
397 3439 557 3489 Hunc
598 3438 765 3501 ipsum
811 3437 1000 3487 librum
1054 3434 1418 3499 imperfectum

352 3514 588 3580 reliquit.
675 3514 868 3562 Versus
902 3511 1058 3577 aliqui
1098 3511 1258 3561 demti
1300 3518 1418 3561 sunt

351 3591 539 3641 ultimo
580 3589 720 3650 iibri,
764 3594 821 3637 ut
861 3588 1005 3652 quasi
1048 3586 1223 3635 finitus
1263 3594 1417 3637 esset.

351 3666 570 3716 Leviter
612 3666 918 3713 retractavit
972 3662 1262 3724 Cornutus‚’
1316 3666 1417 3713 &c-

349 3743 439 3793 Sic
461 3744 573 3791 haec
604 3740 810 3790 Reizius
842 3738 1094 3800 exhibuit,
1115 3754 1230 3802 qnae
1267 3737 1420 3788 aliter

353 3817 494 3883 apud
520 3818 666 3877 alios,
689 3830 892 3880 semper
925 3823 1098 3865 tamen
1131 3815 1207 3863 ita
1239 3816 1418 3878 legun-

351 3903 459 3955 tur,
495 3902 557 3944 ut
599 3894 770 3943 nulius
813 3906 993 3942 sensns
1038 3891 1255 3940 idonens
1297 3890 1418 3940 inde

352 3971 477 4022 clici
519 3970 698 4034 possit.
766 3969 1010 4018 Ceterum
1053 3968 1152 4017 hoc
1195 3967 1273 4016 ita
1313 3981 1417 4016 non

351 4063 469 4098 esse
501 4046 882 4111 accipiendum,
920 4044 1068 4109 qnasi
1088 4058 1227 4093 nnnc
1259 4042 1419 4093 satira

350 4131 507 4175 sexta
538 4137 721 4173 manca
754 4123 842 4184 sit,
877 4135 995 4186 qna
1034 4120 1214 4183 procul
1256 4117 1416 4167 dubio

1493 3131 1734 3180 choatam
1774 3135 1975 3178 tautum
2019 3140 2115 3175 nec
2168 3125 2289 3174 dum
2337 3122 2556 3174 finitam.

1493 3204 1662 3255 Addit
1701 3211 1983 3268 praeterea:
2018 3204 2033 3229 ‘
2058 3202 2171 3251 Etsi
2209 3215 2331 3249 vero
2354 3205 2559 3249 certum

1495 3289 1597 3343 est,
1625 3288 1767 3331 recte
1788 3278 1957 3330 Persii
1992 3279 2175 3329 librum
2215 3276 2367 3326 hodie
2388 3275 2441 3324 in
2466 3288 2557 3324 sex

1497 3358 1683 3407 satiras
1703 3354 1980 3419 distingu13
2021 3355 2074 3404 in
2096 3350 2466 3416 antiquissimis
2486 3356 2561 3398 ta-

1497 3447 1615 3481 men
1652 3429 1963 3480 membranis
1984 3429 2134 3478 aliam
2175 3427 2558 3476 distinctionem

1497 3508 1816 3557 invenimus:
1854 3506 1907 3553 in
1940 3505 2112 3553 multis
2135 3503 2269 3552 enim
2292 3499 2558 3551 codicibus

1498 3584 1723 3649 quinque
1765 3582 1924 3629 solum
1980 3579 2159 3627 satirae·
2203 3581 2558 3637 numerantur,

1499 3666 1687 3724 quarta
1719 3656 1785 3705 ad
1814 3655 2019 3705 tertiam
2060 3654 2334 3716 adjuncta:
2372 3652 2424 3701 in
2448 3650 2561 3716 qui-

1498 3734 1714 3783 busdam
1770 3732 2041 3781 continuus
2093 3736 2174 3778 est
2225 3743 2357 3778 unus
2409 3728 2561 3792 liber,

1497 3811 1640 3859 nulla
1695 3808 1961 3857 satirarum
2015 3804 2156 3854 facta
2203 3803 2562 3856 distinctione.

1497 3886 1635 3935 Sane
1669 3883 1978 3943 Priscianus,
2007 3890 2167 3946 atque
2204 3880 2292 3928 alii
2315 3894 2565 3944 gramma·

1500 3960 1597 4011 tici
1620 3958 1839 4023 antiqui,
1857 3958 2058 4022 quoties
2077 3956 2311 4005 Persium
2332 3954 2562 4016 laudant,

1497 4038 1687 4087 librum
1720 4034 2004 4099 nominant,
2034 4047 2137 4084 non
2171 4031 2355 4083 satiras
2386 4044 2561 4082 nnme-

1497 4113 1652 4164 rant.'

351 4203 559 4267 integra
579 4206 682 4262 est,
699 4199 809 4263 jam
831 4197 1161 4248 casaubonus
1187 4194 1418 4256 monuit3
1503 4248 1512 4255 ,
