3050 4913
540 354 715 421 1180
1232 370 1618 423 ascensus
1674 371 2098 422 ammonam

540 513 710 572 multi
761 514 1047 572 bonarum
1074 514 1281 573 artium
1332 516 1577 575 studiosi
1606 533 1842 593 operam
1871 515 2189 593 posuerint,
2234 513 2335 592 qui
2365 525 2553 572 tamen
2583 513 2743 591 inge-

543 627 657 666 nue
688 608 1195 686 suerintprofessi,
1241 633 1303 671 se
1332 613 1514 671 multa
1543 632 1658 670 non
1688 622 1977 670 assecutos
2028 611 2117 669 vel
2165 611 2435 669 carminis
2480 611 2745 671 obscuri-

543 714 682 773 tate,
727 705 817 762 vel
868 717 1190 782 temporum
1238 708 1635 785 ignoratione:
1679 709 1798 766 sine
1844 708 2166 785 arrogantia
2199 719 2397 765 autem
2427 709 2648 767 dictum
2682 729 2744 767 sc

542 800 712 870 velle,
759 802 937 859 multa
966 804 1022 859 in
1055 805 1280 882 Satyris
1327 804 1486 862 hisce
1541 805 1871 862 Latinorum
1903 806 2371 880 Graecorumque
2398 803 2748 863 auctoritate

544 894 889 955 confirmata
933 917 995 956 se
1042 900 1390 976 explicasse,
1423 919 1560 977 quae
1590 899 1684 957 alii
1714 900 2073 977 gravioribus
2102 899 2311 958 studiis
2339 902 2616 978 occupati
2646 920 2748 960 ne·

544 991 844 1069 glexerint,
888 1004 947 1052 et
977 994 1141 1053 multi
1171 995 1458 1055 literarum
1490 996 1731 1054 studiosi
1759 996 1905 1055 scire
1952 1015 2302 1073 magnopere
2347 996 2703 1072 expectarint
2729 1016 2744 1055 ε

543 1106 734 1166 neque
762 1088 817 1147 id
850 1090 908 1147 in
937 1091 1004 1149 iis
1035 1100 1282 1161 tantum,
1328 1111 1460 1169 quae
1490 1091 1842 1169 quotidianis
1868 1090 2358 1168 disputationibus
2387 1091 2571 1168 quaeri
2601 1092 2750 1151 sole-

543 1194 704 1252 rent;
750 1185 850 1244 sed
880 1197 936 1246 et
968 1187 1263 1266 pleraque,
1309 1208 1445 1266 quae
1475 1188 1565 1246 vel
1616 1188 1868 1247 historias
1916 1188 2221 1246 involucro
2259 1190 2454 1247 adhuc
2482 1188 2745 1258 laterent,

546 1282 632 1341 vel
665 1282 914 1361 figurata
942 1286 1268 1346 elocutione
1296 1286 1602 1345 remotiora
1628 1295 1837 1352 essent,
1881 1304 2016 1361 quae
2058 1294 2247 1344 tamen
2296 1304 2403 1362 pro
2445 1284 2662 1362 apertis
2687 1295 2750 1345 et

542 1381 823 1458 expositis
887 1382 943 1441 in
1003 1384 1303 1442 hominum
1350 1383 1684 1460 opinionem
1734 1393 1972 1460 recepta
2021 1381 2300 1441 fuissent:
2362 1393 2641 1460 praeterea
2686 1402 2749 1441 se

547 1478 795 1538 subinde
843 1499 957 1537 non
998 1480 1120 1539 sine
1150 1480 1373 1539 ratione
1400 1481 1475 1538 ab
1505 1481 1745 1539 aliorum
1778 1479 2248 1557 interpretatione
2278 1479 2605 1538 discessisse
2631 1501 2646 1548 3
2691 1487 2752 1536 et

546 1572 797 1652 denique
824 1574 897 1635 de
927 1575 993 1634 iis
1018 1577 1185 1645 locis,
1230 1596 1364 1655 quae
1411 1576 1607 1635 adhuc
1654 1576 1711 1634 in
1760 1574 2181 1653 disceptatione
2214 1584 2529 1645 versentur,
2579 1595 2640 1633 se
2668 1574 2752 1633 ita

547 1668 891 1746 disputasse,
942 1682 1008 1731 ut
1049 1672 1220 1731 labor
1266 1691 1404 1730 suus
1448 1680 1508 1730 et
1553 1671 1955 1748 ignorantibus
1985 1670 2140 1728 utilis
2168 1670 2243 1728 sit
2271 1669 2520 1740 futurus,
2564 1680 2626 1729 et
2661 1670 2748 1739 iis,

547 1766 649 1843 qui
677 1769 884 1827 eadem
918 1769 1175 1828 babeant
1201 1767 1452 1846 cognita,
1497 1766 1736 1844 probari
1764 1766 1989 1844 possit.’
2071 1765 2383 1826 Enimvero

869 1912 1026 1982 Quid
1058 1912 1299 1989 dignum
1333 1919 1498 1970 tanto
1525 1911 1657 1970 tulit
1687 1911 1781 1969 hic
1811 1911 2129 1989 promissor
2161 1912 2364 1971 hiatui

865 2009 1199 2069 Parturiunt
1228 2018 1492 2067 montes:
1538 2018 1806 2067 nascetur
1832 2008 2111 2067 ridiculus
2142 2030 2285 2068 mus.

550 2169 711 2229 Pleni
759 2179 918 2231 certe
964 2182 1099 2233 sunt
1146 2174 1551 2234 commentarii
1597 2175 1726 2251 ejus
1773 2174 1984 2254 ineptis
2025 2173 2338 2243 erroribus,
2382 2170 2753 2251 etymologiis

549 2279 610 2325 et
637 2268 895 2346 argutiis,
937 2269 1111 2328 etiam
1140 2270 1197 2328 in
1228 2271 1540 2330 novissima
1566 2291 1764 2330 eorum
1788 2272 2120 2330 recensione
2151 2268 2535 2341 Henniniana,
2578 2266 2754 2345 cujus

549 2361 739 2422 editor
790 2366 968 2424 multa
1019 2374 1208 2426 tamen
1254 2366 1332 2425 ab
1360 2387 1432 2425 eo
1464 2386 1764 2445 perperam
1795 2368 1881 2426 vel
1912 2377 2127 2444 praeter
2153 2385 2276 2424 rem
2304 2364 2460 2423 dicta
2489 2361 2752 2422 resecuit.

552 2461 725 2537 Saepe
772 2463 979 2523 refellit
1018 2464 1263 2524 aliorum
1292 2466 1736 2543 explicationes,
1767 2486 1874 2524 nec
1903 2465 2168 2522 meliores
2197 2462 2519 2522 substituit.
2604 2459 2754 2518 Inde

542 2557 804 2636 colligas,
838 2560 966 2637 jam
1014 2571 1139 2620 tum
1185 2564 1462 2641 temporis
1513 2564 1728 2622 multos
1758 2562 2035 2631 extitisse,
2080 2561 2180 2638 qui
2208 2559 2549 2619 Juvenalem
2581 2557 2755 2615 inter-

542 2655 768 2730 pretari
794 2666 1165 2729 conarentur,
1211 2659 1371 2738 quod
1417 2659 1589 2718 etiam
1620 2680 1690 2717 ex
1723 2659 1918 2718 verbis
1947 2658 2208 2726 Domitii,
2255 2655 2433 2714 modo
2459 2654 2753 2731 ascriptis,

551 2748 926 2830 intelligitur:
970 2755 1078 2814 nisi
1108 2755 1305 2835 potius
1338 2757 1463 2815 haec
1493 2755 1861 2832 potissimum
1893 2753 1970 2812 ad
2003 2754 2251 2814 Glossas
2282 2752 2754 2811 membranarum

552 2856 836 2923 spectant,
879 2870 912 2908 e
942 2852 1156 2930 quibus
1188 2863 1305 2912 tam
1339 2854 1687 2922 Domitium,
1730 2872 1902 2931 quam
1938 2850 2353 2910 Mancinellum
2386 2860 2442 2910 et
2473 2849 2758 2908 Britanni·

554 2963 711 3016 cum,
753 2949 935 3007 multa
985 2950 1164 3008 tacite
1208 2949 1503 3029 descripta
1551 2951 1611 3009 in
1659 2970 1778 3010 rem
1824 2969 1984 3008 suam
2037 2947 2411 3016 convertisse,
2453 2966 2526 3005 ex
2558 2964 2668 3006 usu
2696 2953 2756 3003 et

554 3040 797 3102 lectione
825 3065 1023 3105 earum
1052 3049 1319 3125 cognovi.
1407 3048 1767 3108 Nominatim
1798 3067 1934 3106 vero
1963 3045 2179 3123 passim
2225 3042 2499 3104 refutavit
2525 3041 2760 3102 Tortel·

539 3137 713 3209 lium,
757 3151 816 3198 et
861 3141 917 3199 in
961 3142 1162 3219 primis
1211 3144 1508 3221 Angelum
1541 3145 1821 3203 Sabinum
1849 3144 1906 3201 T
1910 3161 2222 3210 urrensem,
2265 3141 2323 3198 in
2376 3159 2549 3218 quem
2596 3157 2759 3198 acer·

554 3232 698 3293 rime
725 3255 1145 3316 nonnunquam
1192 3239 1500 3309 invehitur,
1548 3250 1613 3299 ut
1653 3241 1711 3298 in
1757 3241 1888 3317 ejus
1936 3247 2358 3316 praeceptorem
2397 3236 2455 3294 in
2485 3233 2758 3312 singulari

543 3329 775 3402 libello,
820 3335 1265 3395 Commentariis
1315 3336 1599 3405 subnexo,
1643 3336 1738 3395 cui
1766 3334 1968 3394 titulus
1987 3343 2112 3394 est:
2162 3332 2451 3412 Defensio
2481 3330 2758 3392 adversus

546 3427 892 3489 -Brotloeum
943 3431 1401 3492 Grammaticum
1445 3432 1552 3506 (ita
1598 3452 1732 3491 eum
1780 3431 2072 3508 appellare
2121 3430 2292 3500 solet,
2357 3438 2422 3488 ut
2470 3427 2757 3488 Sabinum

546 3523 955 3596 Fidentia-um,
1003 3548 1136 3587 usus
1165 3528 1416 3599 nomine,
1443 3548 1565 3605 quo
1596 3526 1879 3586 Martialis
1907 3525 2201 3603 quendam
2224 3545 2489 3585 versuum
2517 3544 2758 3584 suorum

555 3619 898 3698 plagiarium
951 3625 1235 3698 traduxit)
1302 3626 1778 3685 calumniatorem
1837 3623 2391 3684 Commentariorum
2442 3620 2761 3681 Martialis

545 3733 685 3777 'eum
725 3725 1214 3782 recriminatione.
1303 3725 1451 3784 Usus
1498 3724 1672 3783 etiam
1718 3733 1806 3782 est
1850 3721 2162 3781 codicibus
2207 3720 2461 3798 scriptis,
2505 3736 2758 3796 quorum

550 3824 753 3875 »tamen
805 3839 995 3897 neque
1043 3839 1364 3891 numerum,
1408 3839 1600 3896 neque
1630 3818 1878 3878 indolem
1910 3815 2266 3875 declaravit:
2311 3825 2491 3893 atque
2519 3813 2756 3872 omnino

559 3911 764 3972 melius
814 3916 1117 3975 meruisset
1164 3918 1239 3976 de
1278 3917 1478 3987 literis,
1523 3916 1632 3975 nisi
1671 3924 2021 3994 praematura
2049 3912 2299 3972 nominis
2325 3910 2655 3982 celebritas,
2697 3920 2762 3969 et

560 4006 758 4080 nimia,
800 4009 938 4068 inde
964 4021 1119 4081 nata,
1163 4022 1285 4070 tum
1332 4011 1607 4089 superbia
1653 4020 1711 4069 et
1738 4009 1972 4079 invidia,
2019 4019 2142 4068 tum
2171 4007 2462 4067 festinatio
2488 4015 2550 4065 et
2576 4005 2762 4066 multa

560 4104 855 4166 scribendi
905 4107 1124 4185 cupido
1174 4107 1379 4167 studiis
1419 4107 1551 4184 ejus
1595 4106 1910 4176 offecisset,
1953 4115 2014 4165 et
2063 4105 2223 4183 prius
2273 4113 2534 4162 mortuus
2584 4111 2761 4175 esset,

562 4222 741 4281 quam
783 4222 1020 4280 praecox
1064 4204 1192 4282 ejus
1240 4204 1532 4283 ingenium
1580 4203 1656 4263 ad
1694 4204 1917 4281 justam
1948 4200 2300 4281 pervenisset
2339 4198 2758 4259 maturitatem.

562 4299 746 4361 Recte
771 4298 847 4360 de
872 4318 946 4359 eo
970 4298 1226 4362 Coccius
1254 4300 1390 4360 loco
1416 4317 1595 4381 supra
1620 4300 1861 4362 laudato
1878 4297 2210 4378 judicavitt
2255 4303 2272 4333 ⁸
2296 4298 2432 4358 Non
2462 4316 2553 4356 me
2583 4295 2752 4377 sugit,
