3050 4913
408 328 572 397 xciv

407 494 440 539 9
504 489 747 552 juguiare
786 503 870 549 xv,
908 493 968 537 12
1050 488 1148 536 hoc
1188 487 1380 551 grande
1417 493 1474 536 et

408 562 574 604 morte
600 553 838 617 piandum
863 555 984 601 oiim
1006 553 1312 616 credebant,
1332 553 1373 600 si
1390 553 1474 615 ju-

407 619 552 668 venis
577 619 749 667 vetulo
792 633 891 665 non
924 624 1301 677 assurrexerat,
1341 626 1396 667 et
1431 617 1471 665 si

411 684 633 733 barbato
688 686 994 745 cuicumque
1051 697 1181 744 puer
1239 682 1351 742 xiii,
1408 686 1472 732 54

407 763 656 798 summum
697 751 854 796 crede
898 746 1041 796 nefas
1081 747 1303 795 animam
1342 761 1472 810 prae-

408 813 543 863 ferre
564 813 766 875 pudori,
785 820 837 861 et
858 823 1071 875 propter
1089 813 1245 860 vitam
1264 810 1472 860 vivendi

410 878 632 942 perdere
655 891 835 925 causas
860 878 966 934 viii,
1001 880 1084 935 83,
1119 880 1180 924 84
1249 876 1370 941 quid
1395 874 1473 924 fas

410 950 570 1007 atque
589 941 752 999 nefas,
771 944 978 990 tandein
1001 941 1255 1003 incipiunt
1281 940 1472 990 sentire

410 1007 642 1071 peractis
704 1007 1005 1055 criminibus
1056 1006 1169 1065 xiii,
1226 1010 1323 1055 238
1407 1005 1472 1053 ad

409 1071 558 1121 nefas
580 1072 724 1120 ducit
750 1079 980 1135 purpura
1003 1071 1108 1131 xiv,
1129 1075 1224 1119 188

475 1137 651 1200 Negat
690 1151 730 1183 st
777 1144 980 1198 natura,
1019 1134 1148 1184 facit
1186 1135 1473 1212 indignatio

409 1215 613 1250 versum
654 1200 688 1262 i,
731 1204 795 1249 79
884 1201 1020 1265 quod
1067 1206 1220 1277 turpe
1264 1201 1336 1261 iit,
1380 1203 1475 1248 168

412 1274 606 1330 quanta
641 1278 766 1312 voce
799 1266 910 1324 xiii,
940 1270 1003 1315 77
1083 1280 1198 1330 quis
1235 1266 1371 1313 enim
1403 1264 1477 1325 iii,

408 1335 509 1381 2⁰8
575 1330 787 1392 negabit
809 1331 994 1393 aliquis
1012 1330 1074 1377 de
1095 1337 1255 1393 ponte
1275 1330 1340 1379 ad
1365 1331 1476 1378 haec

409 1394 658 1445 invitatus
691 1395 795 1455 xiv,
826 1399 920 1444 134
987 1400 1144 1457 neget
1175 1408 1240 1443 ne
1276 1395 1390 1459 quis
1426 1409 1479 1454 x,

408 1463 475 1510 87
542 1461 811 1522 negaverit
841 1458 967 1523 quid
996 1460 1101 1508 ulia
1125 1458 1237 1508 udis
1260 1460 1479 1523 inguini·

409 1524 509 1574 bus
532 1539 585 1585 x,
606 1528 697 1572 321

478 1588 718 1650 Negligis
753 1603 990 1651 campum
1030 1588 1089 1650 ii,
1130 1593 1228 1639 132
1290 1603 1373 1638 me
1410 1588 1480 1652 ix,

364 1684 370 1688 -
411 1656 478 1703 92
545 1654 838 1712 neglectum
871 1654 1114 1703 clientem
1156 1669 1203 1717 v,
1227 1658 1290 1703 16
1358 1667 1479 1718 neg·

410 1719 552 1768 lecta
574 1717 857 1768 fruticante
883 1720 990 1782 pilo
1015 1733 1167 1769 crura
1190 1719 1264 1779 ix,
1293 1724 1351 1768 15

476 1782 707 1845 Negotia
746 1791 922 1832 averte
967 1784 1036 1846 xi,
1083 1787 1173 1832 181
1259 1783 1479 1832 humana

410 1851 561 1897 tanto
584 1849 800 1911 majores
823 1849 931 1897 ludi
950 1850 1061 1909 xiv,
1080 1853 1176 1898 264

480 1911 648 1960 Nemo
683 1911 783 1960 fuit
821 1921 1037 1976 repente
1067 1913 1391 1976 turpissimus
1424 1913 1480 1970 ii,

412 1979 477 2026 83
520 1978 685 2026 matus
709 1976 835 2026 felix
854 1978 960 2037 viii,
978 1981 1042 2026 85
1104 1976 1254 2027 faber
1279 1977 1362 2038 vii,
1380 1982 1476 2026 223

414 2047 617 2091 tuorum
637 2042 744 2103 xiv,
761 2045 825 2090 59
891 2042 1281 2091 mathematicus
1297 2042 1363 2102 vi,
1381 2045 1479 2091 562

412 2119 607 2154 nocens
650 2120 705 2153 se
736 2105 922 2169 judice
966 2106 1253 2155 absolvitur
1297 2106 1406 2167 xiii,
1447 2111 1477 2155 3

413 2170 649 2219 mortalis
672 2169 714 2218 si
739 2171 870 2219 sciat
904 2170 1014 2233 xiii,
1044 2175 1109 2219 76
1176 2185 1326 2219 nemo
1350 2171 1478 2220 satis

413 2234 583 2285 eredit
629 2241 831 2283 tantum
870 2234 1008 2283 delio
1062 2249 1187 2296 tene,
1266 2244 1480 2285 uantum

485 2299 712 2348 rmittas:
750 2300 878 2348 odeo
902 2298 1024 2348 indu
1048 2309 1174 2364 gent
1196 2300 1239 2348 si
1278 2300 1294 2349 i
1323 2301 1480 2350 latius

413 2363 513 2427 ipsi
538 2365 644 2419 xiv,
667 2366 763 2413 233

484 2429 770 2479 Nemorosa
787 2429 918 2493 juga
941 2430 1015 2492 iii,
1039 2433 1129 2480 191

481 2490 685 2557 Nempe
708 2496 911 2544 videtur
942 2495 1017 2558 iii,
1037 2498 1100 2546 95
1168 2495 1352 2546 desisti
1374 2496 1483 2558 viii,

416 2563 510 2609 164
579 2560 717 2622 quod
756 2560 989 2610 omnibus
1030 2576 1131 2610 una
1171 2568 1255 2610 est
1293 2568 1483 2610 natura

416 2624 528 2684 xiii,
550 2628 644 2674 166

484 2689 679 2737 Nemus
711 2689 841 2738 sacri
878 2687 1038 2738 fontis
1072 2689 1145 2748 iii,
1181 2694 1240 2738 13
1306 2697 1482 2741 vetus·

417 2759 524 2802 tum
543 2768 630 2814 xv,
649 2758 743 2801 152
809 2767 1073 2802 nemorum
1098 2755 1279 2802 umbra
1297 2756 1367 2816 iv,
1383 2760 1417 2804 6

486 2817 720 2880 Nepotes
758 2824 872 2866 tuos
907 2818 1074 2867 urtica
1115 2818 1311 2882 tetigit,
1353 2821 1484 2869 Gra·

417 2880 535 2930 dive
559 2881 614 2941 ii,
642 2885 736 2929 128

484 2945 704 3008 Nepotis
724 2946 910 2994 molam
935 2961 1141 2995 versare
1165 2947 1271 3009 viii,
1288 2951 1349 2997 67

483 3010 690 3072 Neptes
715 3011 898 3073 Lepidi
924 3014 995 3073 vi,
1018 3015 1113 3061 265

487 3074 723 3137 Neptuni
738 3074 920 3124 facien·
941 3077 1075 3126 radit
1093 3077 1308 3137 xiii‚152
1345 3078 1486 3141 Nep-

418 3146 544 3188 tune
571 3147 716 3201 pater
742 3141 902 3201 ΑΕΒ-αεὶ
927 3141 1035 3201 xiii,
1055 3146 1115 3190 81

452 3203 457 3207 ’
486 3203 722 3266 Nequam
751 3219 849 3252 vox
872 3215 922 3254 et
948 3206 1135 3254 blanda
1159 3208 1230 3266 vi,
1260 3210 1353 3254 197

488 3269 709 3331 Nequeo
732 3268 945 3317 laudare
970 3270 1041 3332 iii,
1071 3274 1136 3318 42
1204 3279 1487 3319 monstrare

421 3331 510 3392 vii,
534 3336 599 3380 56
665 3341 927 3395 nequeunt
954 3348 1135 3395 parere
1157 3335 1214 3395 ii,
1241 3339 1334 3383 138

489 3398 816 3461 Nequiquam
841 3413 880 3447 s.
908 3398 1267 3464 Nequidquam
1303 3396 1488 3449 effudit

419 3461 553 3509 retia
576 3462 685 3517 viii,
711 3466 807 3510 205

486 3527 747 3590 Nequitia!
773 3527 963 3575 nativae
988 3528 1121 3575 mala
1145 3527 1250 3587 xiv,
1271 3531 1368 3577 216

488 3592 627 3639 Nero
655 3606 756 3639 nun
794 3593 962 3655 rapuit
999 3591 1281 3655 loripedem
1305 3598 1408 3641 cet.
1436 3606 1488 3653 x,

421 3658 517 3703 308
606 3656 864 3705 Domitius
908 3656 1016 3716 viii,
1078 3661 1176 3706 228
1266 3657 1487 3706 Neronis

419 3727 602 3767 noctes
641 3723 835 3769 medias
866 3722 936 3778 iv,
974 3725 1065 3770 137
1135 3722 1312 3779 libido,
1345 3722 1487 3783 inep-

422 3782 511 3831 tia
546 3794 598 3830 et
638 3787 833 3834 scelera
869 3786 903 3843 i,
941 3791 1023 3834 62.
1084 3787 1189 3844 viii,
1225 3791 1488 3836 211-230

419 3847 609 3895 cinaedn
635 3849 804 3897 satira·
827 3852 896 3908 iv,
923 3855 1014 3899 106
1068 3852 1270 3911 Troica,
1287 3859 1488 3912 cantus,

422 3912 651 3960 colossus
699 3913 805 3972 viii,
847 3918 1108 3962 221-230
1192 3916 1302 3977 ejus
1335 3916 1486 3977 jussu

422 3983 536 4024 tota
560 3976 742 4024 cohors
764 3980 949 4027 clausit
994 3979 1169 4026 hortos
1198 3990 1248 4027 et
1286 3980 1485 4028 obsedit

425 4040 565 4090 aedes
600 4041 837 4102 Longini,
872 4044 1086 4090 Senecae
1118 4052 1169 4090 ct
1212 4045 1487 4091 Laterano-

425 4120 537 4154 rum
585 4121 638 4162 Χ,
684 4110 738 4153 15
783 4120 858 4168 sq.
944 4109 1228 4156 avunculus
1278 4109 1340 4161 vi.
1391 4112 1485 4156 615

425 4170 622 4219 Neroni
662 4172 775 4234 quis
808 4178 912 4218 tam
939 4171 1172 4233 perditus
1198 4180 1253 4220 ut
1282 4172 1489 4220 dubitet

423 4235 676 4283 Senecam
721 4232 971 4298 praeferre
1017 4235 1122 4292 viii,
1160 4241 1258 4286 212
1340 4236 1490 4287 calvo

425 4313 542 4348 cum
566 4300 781 4350 serviret
804 4300 970 4350 Roma
990 4299 1060 4366 iv,
1093 4304 1158 4350 38
1225 4302 1487 4352 Neronem

1207 344 1450 393 INDEX
1501 344 1771 392 RERUM

1549 492 1797 547 praestare
1822 498 2058 534 securum
2081 479 2214 533 vaiet
2234 484 2348 533 hoec
2367 488 2496 532 artas
2517 481 2627 548 viii,

1552 555 1646 601 170
1714 552 1921 599 Nerone
1964 551 2251 613 propinquo
2278 551 2487 613 plenum
2512 551 2620 612 wii,

1550 620 1614 664 72
1679 618 1820 664 nuno
1837 625 2056 678 cogente
2074 617 2305 664 vendunt
2322 628 2416 662 sua
2435 612 2617 665 funera

1552 681 1659 737 viii,
1684 685 1776 729 193

1617 746 1805 794 Nersia
1830 746 1948 793 Dea
1974 759 2023 805 x,
2046 748 2108 793 74

1621 811 1821 858 Nervus
1855 812 2066 871 exiguus
2099 825 2217 858 cnm
2254 813 2444 861 ramice
2469 812 2618 876 jacet

1552 889 1603 936 x,
1625 878 1719 923 205
1790 876 1934 923 nervi
1960 875 2095 937 longi
2120 889 2359 924 mensura
2382 878 2455 937 ix,
2479 881 2539 926 34

1620 939 1811 988 Nescio
1851 939 1962 1004 quis
1994 940 2029 1001 i,
2074 944 2165 989 130
2214 941 2320 999 xvi,
2359 945 2422 989 30
2490 958 2617 1008 pau·

1550 1005 1673 1064 lum,
1692 1005 1866 1053 nescio
1887 1005 2029 1069 quid,
2044 1010 2281 1067 superest
2306 1008 2376 1062 xi,
2399 1010 2463 1055 48
2531 1012 2617 1056 ne·

1552 1070 1660 1117 scio
1685 1070 1891 1118 mentiri
1929 1070 2001 1125 iii,
2034 1073 2099 1118 42
2179 1071 2349 1118 omnia
2387 1071 2536 1134 fiunt,
2572 1072 2617 1120 si

1550 1135 1737 1193 nescis,
1775 1145 1831 1182 ut
1867 1135 2073 1197 cogaris
2095 1131 2363 1184 effundere
2389 1137 2538 1184 bilem
2567 1153 2619 1203 v,

1554 1203 1650 1247 159
1737 1199 1924 1258 noscis,
1968 1214 2094 1262 quas
2154 1200 2385 1248 Veneres
2428 1202 2620 1250 habeat

1553 1264 1721 1312 ahena
1764 1265 1980 1326 pevuuia
2020 1264 2128 1323 xiii,
2167 1268 2231 1313 33
2297 1266 2465 1314 nescit
2490 1267 2622 1329 quis,

1556 1329 1778 1391 pictores
1803 1330 1867 1376 ab
1894 1329 2031 1376 Iside
2067 1330 2207 1392 pasci
2247 1328 2337 1385 xii,
2374 1335 2439 1379 28
2505 1331 2618 1394 quis

1556 1393 1881 1441 endi-omittas
1927 1394 2106 1455 Tyrias
2152 1394 2221 1453 vi,
2274 1397 2369 1443 247
2453 1396 2619 1445 nescit

1556 1457 1836 1506 subsistere
1870 1459 1974 1518 xiv,
2014 1463 2105 1507 231
2178 1459 2292 1522 quis
2326 1475 2413 1519 xv,
2445 1465 2468 1507 1
2539 1468 2619 1508 tot

1558 1522 1781 1571 millibus
1825 1531 1993 1572 emtus
2041 1523 2354 1585 pauperibus
2399 1524 2617 1573 miscere

1555 1601 1688 1650 puer
1722 1602 1776 1643 v,
1812 1593 1877 1636 60
1943 1589 2223 1637 nescierint
2246 1589 2507 1637 excudere
2530 1603 2619 1652 xo,

1558 1656 1652 1700 168
1720 1656 1923 1702 nescire
1950 1654 2130 1702 Latine
2173 1654 2244 1713 vi,
2283 1656 2377 1702 188
2445 1654 2618 1702 vitium

1558 1722 1670 1766 toto
1696 1717 1981 1766 Decembri
2006 1719 2094 1774 vii,
2117 1721 2179 1766 97

1622 1782 1841 1831 Nescius
1865 1783 2040 1830 mirari
2065 1785 2135 1845 xi,
2157 1787 2248 1831 100
2303 1781 2490 1831 mutari
2513 1782 2621 1847 xiii,

1620 1911 1863 1960 Nestoris
1899 1911 2077 1961 hernia
2114 1910 2316 1959 incendi
2361 1912 2525 1974 possit
2550 1912 2621 1970 vi,

1553 1979 1650 2022 326
1722 1977 1949 2026 Nestora
1992 1982 2157 2025 totum
2199 1979 2334 2024 vivat
2376 1977 2468 2040 xii,
2526 1981 2620 2027 128

1556 2038 1635 2089 Cf.
1661 2040 1845 2104 Pylius

1622 2104 1741 2154 Neu
1766 2106 1948 2155 credas
1972 2107 2078 2165 xiv,
2102 2108 2196 2153 203

1559 2232 1569 2243 .
1623 2168 1695 2281 NIi
1735 2172 1897 2235 pudet
1926 2171 1999 2230 iii,
2032 2174 2125 2219 321
2195 2168 2332 2233 quod
2371 2170 2419 2217 ni
2454 2183 2620 2219 essem

1556 2248 1628 2292 tx,
1688 2239 1708 2282 1

1624 2298 1894 2348 Niceteria
1917 2299 2023 2348 fert
2046 2299 2179 2348 collo
2204 2297 2278 2358 iii,
2299 2302 2364 2348 68

1598 2364 1764 2413 ‘Nido
1811 2366 2034 2414 salutato
2071 2364 2295 2426 crepitat
2334 2361 2625 2412 Concordia

1557 2427 1593 2487 i,
1627 2433 1721 2479 116
1786 2430 1987 2493 loquaci
2013 2428 2261 2493 gaudebit
2301 2444 2349 2487 v,
2387 2432 2478 2477 143
2546 2428 2623 2477 ni-

1558 2493 1649 2542 dos
1688 2494 1887 2543 ciconia
1924 2495 2090 2544 nutrit
2129 2502 2372 2557 serpente
2415 2494 2521 2554 xiv,
2559 2497 2622 2544 74

1546 2559 1655 2622 jam
1687 2561 1897 2623 propria
1932 2560 2116 2608 arbore
2146 2556 2278 2607 facit
2314 2558 2486 2606 ruitur
2518 2558 2628 2621 xiv,

1626 2687 1823 2737 Nidorc
1847 2688 2030 2736 culina·
2054 2697 2263 2751 captum
2288 2703 2341 2746 v,
2367 2691 2462 2737 162

1623 2752 1774 2815 Nigri
1814 2754 1984 2801 Mauri
2024 2768 2203 2801 manus
2239 2768 2285 2810 v,
2319 2756 2383 2800 53
2460 2751 2624 2812 nigre

1560 2818 1716 2866 alutae
1751 2818 1840 2877 vii,
1874 2822 1966 2866 192
2032 2818 2231 2880 nigrum
2265 2817 2459 2864 crinem
2490 2815 2622 2866 flavo

1557 2883 1912 2931 abscondente
1957 2882 2131 2943 galero
2177 2883 2246 2942 vi,
2300 2885 2392 2929 120
2478 2883 2625 2945 nigro

1560 2947 2225 3061 531?”⁰2{²;‘¹³¹¹³2¹3t?32⁸53³²
2251 2951 2348 3059 ἐξὲξ
2414 2958 2627 3059 afflat&

1561 3047 1735 3136 xv‚’49
1784 3027 1932 3138 nigre)
1956 3077 2157 3124 Maroni
2176 3046 2338 3123 tiaeret
2355 3073 2518 3138 fuligo
2537 3075 2627 3137 vii,

1561 3145 1655 3189 227
1747 3143 1895 3203 nigra
1933 3149 2076 3189 veste
2119 3147 2396 3188 senescunt
2434 3154 2489 3198 x,
2528 3144 2624 3189 245

1562 3205 1723 3253 fascis
1746 3214 1799 3255 et
1822 3206 1964 3255 color
1986 3205 2104 3254 coeli
2138 3206 2243 3262 xiv,
2282 3208 2378 3252 294
2447 3202 2549 3251 offa
2566 3204 2627 3252 in

1563 3268 1696 3317 facie
1735 3270 1839 3331 xvi,
1882 3275 1936 3319 11
2008 3270 2178 3333 nigros
2203 3266 2386 3317 efferre
2413 3270 2626 3318 maritos

1564 3334 1600 3392 i,
1615 3339 1678 3384 72
1745 3335 1912 3396 nigras
1937 3335 1987 3382 in
2008 3332 2459 3397 ssurgite(Stygio)
2477 3347 2628 3382 ranas

1564 3400 1617 3453 ii.
1642 3403 1735 3446 150
1802 3400 1945 3460 nigra
1972 3400 2023 3447 in
2059 3399 2279 3447 candida
2317 3406 2526 3446 vertunt
2555 3398 2632 3461 iii,

1563 3467 1628 3512 30
1697 3463 1902 3511 brachia
1929 3464 2149 3511 Vulcani
2173 3463 2281 3523 xiii,
2304 3469 2364 3512 45

1629 3526 1772 3575 Nihil
1798 3528 1961 3576 laudis
1984 3543 2102 3584 agas
2127 3529 2229 3588 viii,
2256 3532 2318 3576 75
2386 3526 2426 3575 si
2450 3529 2628 3576 horum

1562 3599 1641 3640 est
1665 3592 1740 3648 iii,
1766 3597 1860 3640 112
1927 3592 2054 3641 iund
2091 3601 2253 3641 totum
2292 3591 2520 3654 perdidit
2554 3592 2632 3640 in-

1562 3655 1686 3705 felix
1722 3657 1797 3716 iii,
1838 3661 1937 3706 209
2003 3672 2164 3722 usque
2200 3656 2330 3705 adeo
2368 3657 2492 3705 nihii
2531 3665 2634 3721 est,

1562 3721 1700 3785 quod
1742 3730 1843 3771 cet.
1886 3722 1959 3783 iii,
2002 3726 2066 3770 84
2144 3723 2269 3769 nihil
2316 3732 2392 3768 est
2436 3730 2631 3781 actum,

1562 3788 1670 3849 (vel
1695 3786 1826 3847 acti)
1866 3787 1963 3835 nisi
1989 3784 2272 3848 frangimus
2297 3795 2398 3833 cet.
2436 3801 2488 3846 x,
2535 3789 2628 3834 155

1562 3851 1740 3898 nocuit
1767 3851 1869 3909 xiii,
1890 3855 1985 3900 227
2055 3852 2096 3899 si
2135 3859 2216 3899 est
2255 3851 2325 3910 vi,
2366 3854 2459 3899 331
2529 3858 2632 3914 est,

1563 3915 1696 3977 quod
1723 3915 1940 3965 credere
1987 3914 2053 3963 de
2089 3931 2143 3963 se
2186 3929 2283 3962 non
2311 3916 2492 3976 possit,
2514 3928 2641 3979 cum·

1563 3979 1807 4027 laudatur
1841 3981 1959 4029 Diis
2000 3995 2147 4044 aeqna
2183 3987 2414 4041 potesta-⁴
2456 3980 2527 4038 iv,
2567 3982 2632 4028 70

1564 4045 1681 4091 novi
1708 4053 1887 4093 ventre
1911 4044 2160 4107 frugaiius
2185 4060 2233 4104 v,
2254 4050 2287 4093 6
2334 4045 2492 4091 invita
2515 4058 2634 4092 con·

1552 4108 1678 4170 jnoee
1717 4109 1950 4169 donabis,
1997 4112 2207 4168 vendes,
2243 4123 2383 4157 emes
2423 4109 2491 4171 vi,
2533 4110 2633 4157 212

1564 4173 1834 4284 cxlgghiio
1874 4181 2111 4238 quantus,
2148 4175 2439 4236 homuncio,
2477 4172 2632 4222 fieres

1566 4251 1615 4301 vt

1630 4302 1723 4353 Nil
1745 4300 1848 4353 erit
1886 4301 2102 4353 ulterius
2138 4302 2174 4368 ὶ,
2212 4304 2307 4353 147
2375 4301 2557 4355 horum
2578 4315 2636 4366 κ,
