3050 4913
472 352 606 421 106

1236 364 1313 412 A.
1358 358 1608 410 Pluton
1659 357 1925 405 rnacm

485 514 561 578 Si
588 513 784 590 faoiS,
815 512 882 575 in
913 528 1145 594 penem
1174 505 1493 590 quicquid
1524 504 1648 568 tibi
1679 503 1858 567 venit
1885 518 2190 565 amarum
2216 519 2237 581 ;

485 616 562 681 si
591 616 814 699 puteal
841 613 1049 677 multa
1078 616 1316 674 cautus
1345 609 1563 673 vibice
1593 605 1924 688 flagellas:

479 825 959 895 mfldenhabebo?
1010 827 1280 890 Sialpeeta
1308 820 2110 889 pmeaepeumkmpminae,
2142 818 2175 847 ⁶
2205 817 2238 846 ⁶
2267 812 2704 866 §camundis

1482 1006 1696 1059 801·AE

483 1144 645 1210 igitur
676 1145 860 1194 credes
900 1142 1306 1193 assentatoribus
1341 1148 1395 1191 te
1432 1154 1551 1204 pro·

485 1222 609 1271 bum
631 1235 744 1271 esse
767 1219 1156 1281 affirmantibus,
1187 1220 1390 1269 etiamsi
1414 1225 1469 1268 tu
1494 1223 1549 1266 te

1634 1136 1932 1186 Marciliusz
1985 1134 2053 1183 de
2075 1131 2494 1191 foeneratoribus,
2527 1140 2703 1177 omnes

1631 1212 1975 1263 communiter
2029 1216 2150 1274 post
2198 1216 2406 1258 veteres
2469 1205 2703 1266 Glossas,

485 1297 599 1361 ipse
644 1296 937 1359 improbum
973 1296 1024 1343 in
1061 1294 1416 1344 occasionibus
1447 1294 1550 1342 sin·
1629 1303 1748 1353 quae
1772 1289 1847 1337 sic
1878 1288 2101 1336 habent:
2147 1284 2264 1334 ‘Ad
2286 1281 2467 1347 puteal
2490 1281 2702 1330 Scribo·

487 1376 639 1440 gulis,
673 1389 901 1435 avarum,
931 1373 1280 1436 libidinosum,
1298 1373 1550 1438 iniquum,
1630 1363 1707 1411 nis
1738 1362 1943 1424 Licinii,
1977 1360 2114 1426 quod
2137 1367 2219 1409 est
2244 1360 2297 1407 in
2321 1358 2527 1422 porticu
2549 1356 2702 1407 Julia

486 1451 753 1502 crudelem
782 1450 1067 1514 experiris:
1115 1452 1265 1515 sique
1290 1450 1420 1500 adeo
1438 1452 1550 1501 viso
1626 1441 1988 1492 adFubiuuum
2013 1436 2563 1501 arcum,foeneratores
2587 1448 2705 1484 con-

487 1541 694 1578 uummo
729 1527 988 1591 pallescis,
1026 1542 1135 1591 prae
1154 1526 1444 1590 cupiditate
1465 1527 1552 1576 ba·

492 1603 679 1654 bendi?

551 1685 621 1730 49
653 1679 712 1729 Sa·
730 1681 894 1743 puteal
929 1680 1081 1729 multa
1106 1684 1271 1729 cautu·
1300 1679 1450 1729 us'bioe
1460 1680 1554 1744 flu·

484 1757 659 1821 galas]
734 1757 994 1821 Ancipitis
1039 1758 1249 1823 quidem
1285 1758 1555 1807 sententioe

491 1849 669 1885 versus
691 1835 817 1884 iste:
870 1850 973 1899 quo
1001 1835 1044 1883 si
1077 1835 1219 1885 Nero
1255 1834 1559 1898 perstringi-

491 1919 595 1974 tur,
617 1910 951 1975 accipiendus
974 1917 1056 1962 est
1070 1910 1138 1960 de
1160 1911 1428 1961 nocturnis
1443 1911 1559 1973 ejus

494 2004 589 2053 per
623 1990 802 2040 urbem
837 1989 1298 2040 discut-sationibus
1327 1997 1384 2039 et
1419 2003 1562 2053 grus·

495 2065 811 2128 sationibus,
839 2066 906 2115 de
939 2065 1119 2130 quibus
1154 2065 1358 2114 abunde
1381 2067 1563 2114 Sueto-

495 2140 611 2190 nius
646 2148 703 2190 et
733 2141 970 2203 Tac-itus,
1003 2141 1129 2190 locis
1167 2140 1322 2204 paulo
1345 2147 1467 2191 ante
1490 2141 1563 2191 ci·

496 2216 638 2268 tatis.
688 2218 758 2267 Et
778 2217 854 2266 sic
874 2218 1152 2281 perpateat,
1169 2215 1566 2280 intelligendum

496 2294 601 2343 erit
633 2292 802 2342 forum
840 2302 897 2343 et
937 2290 1115 2343 affines
1152 2292 1293 2343 urbis
1312 2293 1570 2356 regiones,

498 2384 593 2434 per
623 2385 750 2435 quas
771 2370 859 2419 ille
883 2385 1002 2420 cum
1025 2369 1225 2435 aliquot
1244 2369 1456 2419 armatis
1478 2384 1568 2417 va-

497 2445 768 2510 gabundus
807 2445 860 2495 in
895 2446 1075 2496 obvios
1109 2460 1339 2511 quosque
1362 2459 1567 2508 gressa-

499 2522 672 2572 batur.
738 2521 966 2572 ‘Cautus
1008 2528 1182 2571 autem
1218 2521 1483 2586 deinceps,
1513 2527 1569 2571 et

498 2597 817 2648 metuentior
838 2597 893 2647 in
916 2605 1180 2661 posterum
1206 2596 1383 2661 Nero‚’
1415 2603 1474 2647 ut
1494 2597 1571 2647 ait

498 2673 730 2734 Tacitus,
782 2672 1007 2722 ‘milites
1055 2672 1155 2721 sibi
1195 2679 1253 2722 et
1295 2673 1569 2737 plerosque

499 2747 845 2812 gladiatorum
865 2747 1284 2798 circumdederat
1301 2747 1332 2797 :'
1367 2748 1572 2798 scilicet

500 2825 625 2888 quie
656 2825 789 2874 male
822 2831 976 2874 autea
997 2824 1277 2873 mulctatus
1301 2821 1482 2874 suisset
1501 2824 1570 2874 ab

499 2901 565 2950 iis
586 2914 714 2965 quos
749 2900 1102 2965 impetiverat,
1135 2907 1191 2949 et
1226 2900 1280 2949 in
1319 2900 1570 2964 ejusmodi

504 2977 633 3027 rixis
666 2977 932 3027 oculorum
954 2983 1009 3027 et
1031 2977 1158 3027 vitae
1183 2977 1415 3027 subierat
1440 2976 1572 3040 peri·

505 3052 696 3116 culum,
736 3058 798 3103 ut
841 3050 1008 3103 refert
1044 3053 1339 3103 Suetonius.
1417 3052 1574 3104 Quod

505 3126 549 3176 si
573 3126 786 3177 Persius
809 3126 1177 3179 foeueratorum
1200 3128 1574 3178 immanitatem

506 3202 691 3267 carpit,
722 3210 814 3253 aut
835 3203 1267 3267 vitilitigatorum,
1288 3203 1577 3268 sycophan-

510 3285 696 3339 tarum,
738 3285 795 3328 et
833 3277 1292 3342 quadruplatorum
1331 3277 1576 3342 iniquita·

508 3359 615 3403 tem
637 3362 694 3403 et
716 3353 956 3418 injurias;
1002 3369 1096 3418 per
1124 3354 1304 3418 puteal,
1344 3354 1580 3417 intellige

1634 1518 1817 1566 sistere
1841 1516 2111 1566 solebant!

1701 1596 1900 1659 Puteal]
1955 1593 2176 1658 Proprie
2216 1592 2362 1657 putei
2401 1589 2705 1654 operculum

1636 1678 1721 1722 est
1756 1672 1935 1735 puteal.
1990 1670 2163 1719 Locus
2191 1670 2370 1718 Rome
2406 1665 2509 1716 fuit
2531 1666 2584 1714 iu
2610 1665 2708 1715 Co-

1638 1749 1805 1812 mitio,
1829 1749 1919 1800 ubi
1938 1747 2089 1799 Accii
2108 1747 2263 1798 Navii
2283 1744 2513 1810 Auguris
2533 1751 2709 1793 statua

1640 1841 1735 1891 per
1757 1825 2089 1890 Tarquinium
2114 1830 2311 1884 erecta,
2337 1830 2394 1873 et
2418 1821 2513 1871 sub
2535 1835 2601 1870 ea
2622 1833 2710 1870 ara

1645 1903 2001 1963 subterranea,
2012 1901 2307 1965 ibidemque
2322 1898 2594 1960 novacula,
2607 1911 2711 1961 qua

1641 1985 1813 2029 cotem
1853 1979 1943 2028 ille
1984 1978 2257 2040 inciderat,
2291 1974 2520 2025 defossa:
2575 1973 2712 2023 unde

1643 2061 1699 2102 et
1723 2061 1911 2118 puteus
1935 2053 2105 2103 dictus
2130 2053 2172 2101 is
2199 2053 2370 2111 locus;
2424 2058 2563 2100 teste
2584 2049 2712 2098 Dio-

1644 2130 1791 2194 nysio
1831 2129 2184 2180 Halicanum.
2231 2128 2328 2178 sub
2369 2125 2530 2176 finem
2568 2124 2714 2174 Libri

1648 2205 1810 2266 tertii,
1827 2220 2089 2269 superque
2104 2203 2401 2267 impositum
2425 2201 2606 2266 puteal
2629 2215 2715 2249 ex-

1649 2282 1816 2331 titisse
1840 2280 1915 2329 ait
1935 2280 2130 2330 Tullius
2148 2278 2241 2329 lib.
2260 2277 2327 2329 de
2345 2277 2580 2328 Divinat.
2594 2291 2713 2338 cap.

1650 2362 1732 2409 82.
1770 2358 1938 2407 Porro
1969 2356 2108 2422 quod
2142 2355 2304 2419 puteal
2343 2359 2577 2403 sumetur
2616 2366 2714 2416 pro

1647 2431 1762 2483 foro
1794 2440 1851 2484 et
1879 2432 2154 2483 Tribunali
2189 2430 2454 2493 Pmtoris,
2486 2429 2714 2492 itemque

1649 2525 1745 2575 pro
1779 2511 1896 2561 loco
1932 2507 2332 2559 foenerutoribus
2367 2505 2716 2570 frequentato,

1654 2594 1882 2637 testatur
1919 2587 2107 2637 Cicero
2144 2599 2240 2649 pro
2264 2582 2464 2644 Sextio,
2492 2596 2613 2645 cap.
2637 2583 2718 2630 18.

1651 2663 1759 2724 ubi,
1801 2659 2125 2723 ‘Gabinius,'
2170 2659 2357 2724 inquit,
2397 2656 2623 2721 ‘puteali
2661 2661 2715 2704 et

1651 2737 2021 2788 foeneratorum
2049 2734 2295 2800 gregibus
2336 2731 2576 2795 inflatus:
2616 2734 2715 2781 &c-

1651 2814 1740 2863 nbi
1783 2813 1872 2864 alii
1909 2812 2105 2876 legunt,
2144 2812 2383 2877 mictua-
2452 2810 2589 2860 Item
2613 2809 2716 2858 Ho-

1650 2896 1753 2939 rat.
1795 2889 1886 2940 lib.
1932 2903 1972 2938 1.
2012 2889 2167 2953 epist.
2208 2891 2286 2937 19.
2366 2887 2590 2935 ‘Forum
2629 2899 2718 2948 pu-

1651 2966 1860 3030 tealque
1882 2964 2094 3014 Libonis
2118 2962 2372 3012 mandabo
2396 2961 2584 3012 siccis.’
2651 2963 2719 3010 Et

1651 3040 1742 3091 lib.
1773 3054 1836 3090 ιι.
1872 3046 1970 3090 sat.
2004 3043 2055 3090 6.
2120 3039 2372 3089 ‘Roscius
2405 3039 2590 3089 orabat
2624 3037 2720 3086 sibi

1655 3117 1857 3168 adesses
1893 3117 1957 3167 ud
1996 3117 2175 3182 puteal
2213 3116 2367 3168 cras!
2433 3116 2571 3166 Vide
2594 3117 2722 3167 Coel.

1656 3193 1825 3243 Rbod.
1865 3194 1959 3245 lib.
1985 3206 2040 3243 x.
2075 3208 2194 3258 cap.
2222 3199 2301 3243 17.
2367 3192 2666 3260 Sigondib.
2684 3207 2722 3243 ι.

1661 3268 1728 3319 de
1749 3269 1784 3320 J
1788 3269 1927 3320 udic.
1950 3284 2066 3333 cap.
2084 3273 2166 3320 28.
2191 3270 2422 3332 Festum,
2436 3276 2493 3319 et
2514 3270 2660 3320 alios.

1732 3356 1920 3420 Vibiee]
2002 3355 2156 3407 vibex
2177 3363 2260 3406 eat
2293 3357 2506 3422 proprie
2527 3363 2651 3406 uota
2670 3356 2723 3405 in

507 3431 763 3483 Pretoris
806 3431 1085 3491 Tribunal3
1142 3446 1234 3494 per
1274 3430 1450 3481 vibices
1503 3432 1580 3481 in·
1658 3446 1882 3496 corpore
1913 3438 2032 3497 post
2053 3432 2275 3483 verbera
2298 3441 2355 3482 et
2392 3433 2622 3483 scuticas
2647 3447 2726 3482 re·

509 3508 699 3570 flictas,
732 3507 921 3558 damna
942 3507 1235 3558 debitorum
1260 3514 1353 3557 aut
1375 3522 1580 3558 reorum

510 3584 730 3635 fortunis
774 3599 837 3634 ac
875 3584 1025 3634 bouis
1052 3584 1214 3646 illata,
1255 3599 1350 3648 per
1370 3599 1572 3648 usurus,

1661 3522 1892 3558 1118118118.

1723 3583 1985 3647 Haedina]
2021 3584 2251 3635 Similem
2267 3584 2426 3634 babet
2442 3584 2724 3650 emphasin

510 3668 602 3711 aut
638 3677 732 3725 per
755 3661 921 3711 litium
940 3661 1184 3723 ambages
1206 3667 1263 3710 et
1283 3661 1572 3725 sycophan-
1650 3662 1994 3711 Tertullianus
2045 3661 2112 3712 de
2166 3660 2345 3725 pallio,
2399 3661 2490 3710 ubi
2545 3660 2724 3710 laudat

513 3741 630 3803 tias,
653 3755 865 3806 quarum
886 3739 1060 3790 miseri
1081 3740 1157 3789 illi
1182 3739 1380 3789 rabulae
1402 3739 1574 3804 periti,

513 3818 728 3866 solertes
761 3823 816 3864 et
848 3815 990 3866 cauti
1013 3822 1151 3879 suut,
1171 3821 1231 3865 ut
1251 3815 1418 3865 aliena
1440 3815 1575 3865 boue

513 3891 896 3956 depraedentur.
982 3892 1170 3956 Neque
1208 3905 1334 3940 vero
1380 3891 1472 3941 abs
1514 3905 1574 3941 re

514 3968 720 4018 omniuo
760 3967 847 4016 de=
893 3966 1128 4017 udicibus
1160 3966 1350 4030 iniquis
1375 3965 1580 4029 judicia

517 4049 869 4107 corrumpeuti
908 4057 967 4092 us
1005 4056 1122 4093 eum
1155 4041 1463 4107 quibusdam
1494 4057 1580 4092 ac-

517 4118 700 4183 eipias.
799 4117 1030 4167 Primam
1100 4117 1580 4181 interpretationem

520 4203 698 4254 uretur
756 4193 1122 4251 casaubonus:
1172 4194 1405 4245 ultimam
1447 4194 1582 4247 bane

1654 3739 2001 3802 Christianos,
2045 3739 2185 3803 quod
2224 3738 2444 3788 sabania
2484 3755 2583 3788 aaa
2619 3753 2728 3788 co·-

1653 3816 1877 3877 tuadunt,
1929 3815 1984 3864 id
2028 3821 2130 3877 est,
2181 3829 2284 3864 nou
2339 3821 2583 3878 premant
2634 3821 2725 3864 aut

1654 3890 2010 3957 frequentent,
2044 3891 2278 3955 adeoque
2300 3891 2478 3939 litibus
2500 3889 2724 3940 abstine·

1662 3974 1772 4018 ant.
1837 3967 2101 4017 Martialis
2123 3966 2213 4016 lib.
2237 3981 2301 4015 ιι.
2323 3966 2624 4031 epigramm.
2645 3970 2726 4016 ⁸⁰.

1661 4051 1720 4094 et
1753 4044 1841 4094 lib.
1877 4058 1930 4094 v.
1966 4044 2270 4109 epigramm.
2309 4048 2391 4094 18.
2456 4041 2728 4095 ‘Arcafla-

1661 4121 1824 4186 gellat
1844 4120 2007 4186 opes.’
