3050 4913
399 295 690 366 -cxxxwi

398 460 523 508 ,100
588 452 766 517 cupiet
786 451 892 514 xiv,
926 454 985 501 14
1052 448 1137 499 ma
1159 451 1417 500 sententia
1439 450 1490 499 in

422 534 514 569 ore
560 526 651 569 tuo
697 525 932 567 versetur
971 514 1078 575 xiv,
1116 520 1210 563 205
1278 515 1493 565 moraris

424 585 532 646 xiv,
566 587 662 633 267
732 581 868 631 Coro
909 579 1165 630 tollendus
1203 588 1257 629 et
1296 578 1491 629 Austro

396 645 532 708 ‘xiv‚
572 651 670 697 268
736 648 954 696 ardente
997 645 1199 694 camino
1245 645 1351 706 xiv,
1396 648 1490 693 118

413 711 654 777 'sequitur
690 710 968 769 fortunam,
1004 718 1064 759 ut
1095 723 1301 773 semper
1335 724 1388 772 x,
1427 713 1490 757 73

425 786 486 828 ut
509 777 734 827 timearis
760 791 789 825 a
812 789 999 838 magno
1022 773 1187 824 amico
1209 774 1282 836 iii,
1304 778 1363 823 57

489 840 726 905 Senatori
748 847 912 904 nupta
935 839 1135 902 Hippia
1172 838 1243 901 vi,
1272 842 1335 887 82
1399 837 1492 888 Se-

399 905 660 956 'natorum
683 905 887 955 calceus
910 903 1001 961 vii,
1027 907 1120 953 192

487 971 710 1021 Senatus
732 969 863 1019 sacri
886 970 938 1017 in
963 975 1108 1031 parte
1130 981 1244 1016 esse
1266 967 1395 1017 velis
1417 966 1491 1027 xi,

407 1031 491 1086 ’20
573 1035 736 1085 nostri
777 1034 889 1083 haec
928 1033 1046 1082 olim
1073 1031 1184 1094 jam
1227 1031 1489 1081 luxuriosa

425 1115 572 1149 coena
594 1098 697 1149 fuit
721 1099 792 1158 xi,
831 1102 894 1148 77
977 1097 1172 1147 Senatu
1211 1097 1487 1146 damnante

395 1219 406 1224 ,
424 1171 483 1214 ut
506 1167 702 1215 ruerint
725 1163 832 1226 viii,
851 1166 913 1211 93

488 1229 701 1279 Senecae
742 1225 1030 1291 praedivitis
1064 1240 1277 1289 magnos
1315 1225 1491 1275 hortos

416 1294 566 1358 jussu
588 1293 813 1343 Neronis
849 1293 1032 1341 clausit
1071 1296 1185 1340 tota
1221 1290 1401 1340 cohors
1436 1306 1492 1352 x,

415 1361 490 1414 ,16
568 1358 814 1408 Senecam
849 1356 961 1419 quis
993 1355 1203 1405 dubitet
1240 1353 1487 1419 praeferre

425 1422 626 1472 Neroni
660 1421 766 1483 viii,
798 1426 894 1470 212
975 1434 1004 1468 a
1038 1420 1238 1468 Seneca
1275 1419 1489 1469 modicis

424 1501 543 1552 quae
574 1486 913 1537 mittebantur
944 1484 1142 1549 amicis,
1178 1498 1329 1533 nemo
1351 1485 1491 1548 petit

425 1565 456 1598 v
503 1556 595 1600 109

460 1591 727 1666 ‘Senectae
773 1628 935 1666 sacrae
999 1627 1093 1678 par
1149 1613 1278 1664 adeo
1324 1613 1490 1677 prima

423 1679 607 1746 lanugo
630 1681 742 1741 xiii,
760 1685 824 1730 50
877 1715 887 1727 .
1017 1733 1028 1740 ,
1181 1729 1186 1734 ,

420 1746 429 1749 “
489 1747 741 1795 Senectus
776 1746 1021 1794 intestata
1058 1741 1177 1792 hinc
1208 1747 1265 1793 et
1304 1742 1487 1793 subitae

423 1818 619 1862 mortes
660 1810 697 1873 i,
736 1813 829 1859 144
902 1808 1024 1857 dum
1064 1808 1226 1871 primu
1259 1815 1312 1858 et
1346 1817 1492 1858 recta

399 1874 551 1937 '(est)
574 1874 643 1933 iii,
669 1878 734 1923 26
792 1872 1028 1937 jucunda
1051 1872 1220 1935 Crispi
1243 1873 1387 1923 venit
1422 1873 1491 1937 iv,

397 1943 486 2009 ’81
554 1939 751 1989 delevit
787 1938 1008 2001 patriam
1043 1937 1355 2002 titulumque
1384 1938 1489 1986 viui

397 2073 400 2078 ·
421 2000 1488 2141 &xstiffisszdeiff‘3⁵¹‘ui‘12n0532‘e15233

423 2131 634 2194 obrepit
655 2132 727 2190 ix,
752 2134 846 2180 129
914 2137 1027 2180 tuta
1060 2145 1162 2193 quo
1198 2138 1266 2180 sit
1301 2131 1423 2181 mihi
1457 2147 1488 2181 a

424 2203 600 2271 tegete
634 2204 688 2247 et
711 2195 910 2258 baculo,
951 2195 1157 2258 quaudo
1196 2209 1292 2257 ego
1331 2195 1486 2262 figam

423 2259 617 2324 aliquid
653 2261 727 2321 ix,
766 2263 861 2308 139
923 2274 1105 2309 secura
1142 2258 1404 2324 Principis
1444 2262 1485 2311 si

407 2324 1019 2451 fiffzsstzzffiss‘siiaiia
1040 2324 1200 2452 1325ss
1212 2324 1489 2452 siffis:

420 2461 485 2504 45
556 2454 786 2518 pretiosa
810 2451 996 2504 Albani
1021 2453 1208 2503 veteris
1245 2454 1355 2518 xiii,
1387 2461 1482 2506 214

420 2520 573 2583 longa
606 2528 660 2570 et
694 2519 903 2569 cervina
923 2517 1136 2631 matris?
1165 2526 1373 2584 torquet
1398 2522 1485 2584 ju·

421 2598 604 2634 venem
638 2584 746 2645 xiv,
780 2588 875 2633 251
953 2597 1048 2645 par
1083 2598 1114 2632 o
1137 2584 1204 2634 im

397 2664 538 2711 *curn
561 2648 661 2714 (in)
695 2648 970 2698 nobilitate
1005 2648 1075 2709 iv,
1108 2652 1172 2697 07

419 2714 485 2762 tis
510 2711 835 2763 incommoda
856 2728 910 2771 x,
931 2715 1188 2761 100-288

481 2778 720 2827 Senescit
751 2777 804 2826 in
826 2776 985 2826 corde
1008 2776 1278 2826 cacoethes
1308 2778 1395 2841 vii,
1417 2780 1481 2828 52

416 2849 690 2892 senescant
714 2849 774 2891 ut
793 2840 966 2890 multis
998 2840 1050 2889 in
1080 2841 1481 2893 luctibus—haec

419 2908 543 2955 data
593 2921 746 2971 poeua
805 2904 898 2954 diu
941 2904 1232 2955 viventibus
1278 2921 1330 2969 x,
1383 2912 1477 2958 245

417 2979 699 3021 senuerunt
717 2969 847 3020 adeo
864 2969 1080 3034 Jupiter
1095 2977 1150 3020 et
1167 2972 1312 3021 Mars
1330 2972 1398 3034 vi,
1415 2977 1480 3023 59

481 3036 653 3084 Senex
674 3034 931 3085 fanaticus
952 3035 1168 3085 antistes
1184 3035 1344 3099 ἰί,112
1394 3052 1480 3090 oc-

416 3101 544 3151 cidit
588 3100 916 3164 discipulum,
977 3100 1198 3150 Baream
1254 3101 1328 3163 iii,
1383 3107 1479 3152 117

418 3180 534 3213 curn
559 3165 739 3229 pejora
775 3163 937 3215 facias
959 3164 1066 3228 xiv,
1106 3169 1169 3213 57
1231 3166 1479 3219 ‘Vestinus

1279 2659 1483 2701 enectu-

325 3231 333 3237 ”
395 3229 520 3295 μὶν,
544 3234 633 3281 181
701 3229 901 3278 vicinus
939 3228 1192 3305 Hymetto
1231 3231 1344 3293 xiii,
1382 3235 1475 3282 185

414 3295 552 3344 senis
565 3293 678 3343 orbi
699 3294 1016 3357 praecipuam
1032 3309 1083 3343 m
1102 3294 1292 3344 tabulis
1306 3310 1476 3347 ceram

415 3359 633 3409 abstulit
666 3373 878 3409 munere
911 3364 1056 3408 tanto
1088 3358 1159 3422 iv,
1198 3364 1261 3408 19
1328 3361 1478 3411 amici

417 3424 522 3487 viii,
570 3427 663 3473 153
758 3422 908 3471 unius
954 3423 1242 3486 praecordia
1285 3421 1478 3487 pressit

414 3488 620 3540 boletus
657 3488 727 3551 vi,
766 3491 864 3541 622
939 3501 1117 3536 senem
1148 3488 1190 3536 si
1232 3488 1479 3540 damnosa

403 3554 561 3619 juvat
578 3554 705 3616 alea,
722 3552 855 3602 ludit
875 3558 929 3601 et
946 3553 1109 3602 haeres
1126 3552 1354 3602 bullatus
1373 3556 1478 3618 xiv,

413 3622 446 3665 4
512 3633 692 3669 senum
715 3632 813 3668 uua
835 3614 995 3667 facies
1034 3632 1085 3679 x,
1109 3621 1203 3667 108
1267 3619 1475 3671 senibus

415 3683 586 3747 porcis
606 3681 842 3746 indulget
863 3682 1136 3733 clementia
1159 3683 1226 3744 vi,
1253 3687 1346 3732 160

395 3806 400 3811 .
481 3745 665 3801 Senior
690 3746 801 3809 jam
835 3747 1030 3798 amicus
1060 3747 1370 3798 excludatur
1410 3748 1476 3811 vi,

411 3812 507 3866 215
575 3809 760 3873 aliquis
799 3810 947 3860 dabit
978 3826 1058 3861 res
1100 3825 1223 3869 onsa
1265 3813 1337 3876 vi,
1377 3817 1473 3865 587

409 3873 558 3924 bulla
577 3872 872 3935 dignissime
894 3875 1004 3939 xiii,
1024 3880 1053 3926 8

475 3937 734 3992 Senonum
747 3939 987 4002 minores,
999 3940 1126 4001 ausi,
1142 3939 1280 4005 quod
1298 3940 1473 3991 tunica

407 4000 572 4052 liceat
596 4002 779 4063 punire
801 4004 1017 4067 molesta
1038 4004 1144 4066 viii,
1165 4009 1260 4054 284

473 4067 662 4117 Sensus
691 4067 1146 4116 communis'rarus
1178 4069 1229 4117 in
1264 4068 1350 4117 illa
1372 4067 1470 4120 for·

411 4138 536 4180 tuna
559 4129 667 4194 viii,
685 4133 749 4181 73
816 4131 978 4180 nostri
999 4132 1111 4183 lucc
1135 4148 1251 4195 pars
1274 4133 1471 4196 optima

410 4196 770 4250 -mollissima
794 4196 954 4246 corda
976 4212 1061 4262 xv,
1078 4200 1171 4248 133
1228 4198 1381 4248 animi
1400 4199 1469 4248 vi-

1285 2586 1483 2648 rodigio
1536 2632 1551 2640 ,

1214 307 1523 375 „annx
1571 306 1839 370 Renum

1568 457 1728 514 gesnt
1758 462 1812 511 x,
1848 451 1945 498 240
2010 460 2212 498 sensum
2246 461 2276 498 a
2313 448 2516 501 coelesti
2545 451 2634 502 de·

1566 515 1777 564 missum
1802 514 2046 563 traximus
2067 528 2187 563 arce
2208 528 2298 576 xv,
2323 521 2419 565 146
2559 544 2564 547 ·

1631 579 1901 629 Sententia
1933 579 2093 627 tristis
2125 576 2296 627 fertur
2318 578 2385 627 de
2414 579 2560 629 nobis
2582 582 2636 643 ff,

1566 647 1632 693 62
1710 644 1880 708 digua
1918 643 2029 692 viro
2073 642 2198 693 vicit
2243 644 2314 703 ir,
2358 649 2453 694 136
2540 647 2628 695 illa

1567 722 1773 771 semper
1818 709 1867 756 in
1904 722 1994 756 ore
2037 714 2127 757 tuo
2169 715 2427 772 versetur,
2472 709 2632 772 dignu

1567 771 1669 821 Dis
1705 781 1862 837 atque
1896 771 2009 835 ipso
2043 773 2196 834 Jove,
2239 772 2393 822 Unde
2429 775 2634 837 habeas,

1565 838 1755 901 quaerit
1778 851 1946 899 nemo,
1966 837 2056 885 sed
2082 853 2111 886 o
2185 844 2287 888 rtet
2307 836 2497 887 habere
2520 840 2628 901 xiv,

1564 905 1661 950 205
1737 916 1838 949 non
1870 912 1966 964 eur,
2040 917 2102 951 uo
2171 902 2324 951 inodo
2357 904 2637 967 proposui,

1564 980 1742 1014 verum
1767 973 1850 1015 est
1875 966 1982 1028 viii,
2037 970 2100 1015 25
2165 965 2509 1031 hujus-prima
2529 970 2632 1018 erit

1563 1030 1632 1093 vi,
1654 1034 1751 1079 498

1627 1095 1841 1146 Semina
1864 1101 1987 1146 tunc
2013 1096 2198 1159 gravis,
2230 1095 2273 1144 si
2296 1094 2487 1159 jubeat
2508 1111 2629 1147 con-

1552 1159 1651 1224 jux
1674 1161 2021 1211 conscendere
2045 1175 2230 1210 navem
2256 1161 2323 1221 vi,
2346 1165 2411 1210 09

1627 1223 1808 1275 Sentio
1873 1233 2094 1285 tantum,
2158 1225 2361 1289 qualem
2423 1240 2626 1290 nequeo

1563 1297 1851 1339 monstrare
1877 1290 1965 1352 vii,
1989 1295 2054 1338 56
2117 1290 2277 1340 scutit
2301 1289 2422 1353 quid
2440 1291 2626 1341 Curius

1563 1353 1621 1416 ii,
1643 1357 1737 1402 153
1805 1371 1910 1404 non
1951 1361 2258 1419 pereuntem
2292 1369 2501 1405 censum
2533 1355 2627 1404 fot-

1564 1419 1704 1467 mina
1725 1418 1795 1480 vi,
1820 1424 1916 1469 362
1984 1419 2150 1468 sensit
2171 1419 2486 1484 Alexander,
2506 1436 2625 1470 cum

1565 1483 1697 1532 vidit
1714 1494 1817 1533 cet.
1835 1485 1943 1546 xiv,
1959 1488 2018 1533 31
2032 1488 2055 1533 1
2111 1490 2340 1532 senserat
2358 1499 2472 1532 cum
2493 1500 2625 1534 uxor

1565 1546 1788 1598 dormire
1815 1549 1981 1598 virum
2004 1549 2074 1610 vi,
2090 1553 2186 1598 116
2242 1551 2431 1598 sentiat
2455 1557 2513 1599 ut
2534 1565 2625 1598 au-

1565 1613 1653 1673 ris,
1678 1614 1903 1662 clamore
1933 1628 2063 1676 opus
2103 1622 2182 1661 est
2216 1628 2271 1676 x,
2302 1617 2397 1662 215
2466 1615 2625 1663 senti-

1565 1685 1683 1726 rent
1711 1692 1777 1726 ne
1817 1692 2016 1742 magnas
2048 1678 2238 1741 gaudia
2266 1693 2425 1727 coenae
2450 1693 2537 1740 xv,
2558 1683 2625 1728 42

1566 1743 1788 1798 senserit
1833 1757 1895 1792 au
1941 1742 2107 1807 prima
2146 1744 2465 1805 voluptutem
2503 1745 2628 1806 gula

1565 1821 1653 1865 xv,
1673 1810 1736 1855 90
1793 1808 1989 1857 sentire
2014 1807 2235 1856 calorem
2261 1807 2352 1869 xii,
2372 1812 2436 1856 98
2500 1808 2623 1873 quid

1564 1878 1716 1934 putas
1753 1886 1928 1922 omnes
1966 1873 2166 1923 receuti
2198 1872 2264 1922 de
2296 1872 2493 1921 scelere
2514 1873 2625 1934 xiii,

1564 1940 1593 1984 5
1662 1935 1870 1986 tandem
1903 1936 2159 2000 incipiunt
2195 1937 2421 2000 peractis
2456 1938 2624 1986 crimi-

1563 1998 1712 2049 nibus
1735 2001 1869 2067 quod
1895 2000 1974 2050 fas
1999 2010 2154 2065 atque
2178 2000 2323 2052 nefas
2347 2001 2458 2060 xiii,
2478 2006 2574 2051 238

1626 2064 1848 2128 Separat
1871 2066 1967 2116 hoc
1991 2080 2081 2115 nos
2104 2081 2134 2114 a
2169 2080 2328 2129 grege
2355 2066 2622 2117 brutorum

1561 2134 1766 2189 xv,l42

1561 2195 1791 2307 81Septa
1810 2195 2037 2262 undique
2061 2195 2316 2261 asparagis
2352 2195 2540 2260 squilla
2573 2212 2623 2259 v,

1625 2322 1839 2388 Septem
1864 2323 2063 2374 fercula
2086 2325 2200 2388 quis
2230 2333 2432 2375 secreto
2453 2340 2619 2374 crena·

1559 2387 1636 2437 vit
1659 2403 1785 2437 avus
1822 2389 1857 2452 i,
1886 2394 1949 2439 94
2016 2389 2193 2453 digitis
2217 2405 2245 2438 a
2269 2397 2438 2439 morte
2460 2405 2623 2440 remo·
2676 2387 2683 2394 ’

1562 2459 1642 2502 tus
1668 2453 1756 2516 xii,
1776 2458 1843 2504 59
1907 2462 2123 2520 septem,
2154 2454 2312 2519 (filios
2332 2456 2623 2520 necassem)

1558 2519 1601 2567 si
1625 2526 1826 2582 septem
1845 2518 1984 2569 forte
2007 2519 2228 2569 fuissent
2252 2521 2320 2582 vi,
2342 2524 2439 2570 642

1626 2583 1946 2660 Septembris
1999 2592 2055 2634 et
2114 2584 2295 2634 Austri
2338 2585 2619 2635 adrentum

1558 2654 1719 2697 metui
1739 2648 1896 2710 jubet
1928 2648 1996 2710 vi,
2031 2654 2125 2699 517
2196 2649 2492 2712 Septembri
2515 2664 2647 2698 mes

1560 2711 1647 2761 dio
1669 2712 1969 2763 hesternum
2008 2715 2188 2765 solitus
2225 2728 2430 2764 servare
2454 2714 2619 2763 minu-

1560 2776 1633 2825 tal
1657 2776 1765 2841 xiv,
1788 2781 1882 2826 130

1622 2842 1863 2905 Septenis
1886 2841 1944 2894 in
1968 2841 2105 2894 diem
2125 2842 2263 2893 horis
2284 2842 2455 2893 oderit
2476 2842 2616 2892 illam

1557 2904 1628 2967 vi,
1654 2910 1746 2955 188

1619 2971 1884 3035 Septimus
1904 2986 2019 3023 cum
2039 2986 2200 3021 annus
2218 2971 2476 3022 transierit
2494 2986 2616 3036 pue·

1557 3048 1672 3084 rum
1716 3036 1823 3097 xiv,
1866 3041 1925 3085 10
2005 3036 2264 3087 interdum
2303 3038 2379 3086 sol
2416 3037 2619 3087 invenit

1549 3098 1817 3162 jacentem
1855 3116 1944 3164 w,
1982 3105 2049 3150 44
2132 3104 2352 3176 septima
2394 3117 2615 3167 qiiaeque

1557 3164 1647 3213 lux
1672 3162 1776 3215 fuit
1798 3164 1981 3229 ignava
2009 3167 2145 3230 patri
2166 3181 2271 3228 xiv,
2295 3169 2385 3214 105

1620 3229 1856 3292 Sepulcri
1899 3230 2054 3279 titulo
2094 3245 2176 3278 res
2212 3229 2370 3294 digua
2406 3229 2481 3290 vi,
2516 3233 2613 3281 230

1557 3293 1808 3358 sepulcris
1832 3308 2035 3359 quoque
2058 3295 2185 3358 ipsis
2213 3294 2338 3343 data
2359 3303 2479 3345 suut
2502 3293 2617 3344 fata

1555 3372 1609 3419 x,
1647 3361 1742 3407 146
1806 3358 1857 3407 in
1898 3359 1961 3407 iis
1997 3358 2224 3419 arbores,
2256 3358 2407 3408 flores
2430 3360 2617 3422 sparsi,

1556 3428 1611 3471 et
1636 3428 1779 3474 terra
1808 3422 1890 3473 vel
1911 3423 2041 3473 levis
2074 3425 2157 3473 vel
2181 3424 2346 3488 gravis
2388 3424 2477 3487 vii,
2515 3428 2612 3474 207

1554 3500 1579 3535 s
1622 3523 1634 3536 .
2158 3515 2163 3522 -

1583 3501 1864 3617 qSequitur·
1903 3553 1987 3619 qui
2024 3552 2260 3617 populus,
2298 3551 2491 3617 premit
2525 3566 2613 3616 ag·

1553 3616 1692 3666 mine
1730 3617 1931 3667 lumbos
1968 3617 2044 3680 iii,
2079 3621 2174 3668 245
2241 3632 2331 3666 sua
2356 3633 2613 3683 quemque

1553 3682 1724 3730 culina
1747 3682 1818 3745 iii,
1836 3686 1935 3731 250
2002 3698 2115 3747 quae
2136 3682 2408 3746 moechum,
2430 3689 2617 3732 stoma-

1553 3745 1649 3795 cho
1672 3746 1811 3796 valet
1832 3747 1901 3809 vi,
1924 3750 2019 3795 100
2074 3747 2376 3806 Fortunam,
2400 3755 2458 3796 ut
2479 3761 2614 3795 sem·

1551 3823 1646 3873 per
1669 3825 1720 3874 x,
1738 3815 1800 3861 73
1869 3824 2020 3876 quem
2044 3818 2215 3860 custos
2239 3819 2469 3875 angustae
2498 3825 2610 3861 ver-

1550 3876 1668 3925 nula
1707 3888 1878 3938 capsae
1912 3891 1964 3939 x,
1999 3879 2091 3924 117
2158 3876 2399 3925 maritum
2425 3876 2612 3935 uxori,

1550 3941 1640 3989 121
1710 3949 1997 4004 sequuntur
2018 3947 2211 3991 restem
2238 3947 2424 3989 statuae
2458 3954 2511 3999 x,
2542 3946 2609 3990 58

1546 4004 1864 4070 sequarjam
1903 4004 1993 4065 xii,
2017 4009 2081 4053 86
2143 4012 2390 4067 sequatur
2413 4018 2477 4052 ne
2503 4020 2612 4064 μω-

1545 4081 1616 4116 na
1637 4068 1831 4117 crimen
1855 4076 2090 4118 metuens
2129 4069 2239 4130 xiii,
2261 4073 2325 4118 00
2390 4081 2609 4133 sequan-

1546 4138 1632 4180 tur
1653 4132 1796 4195 figuli
1822 4140 1911 4183 tua
1934 4142 2106 4183 castra
2144 4134 2212 4195 iv,
2255 4137 2347 4182 135
2416 4144 2481 4181 ne
2505 4132 2609 4181 eri-

1546 4197 1680 4253 mina
1702 4204 1881 4249 nostra
1917 4212 1981 4247 ex
2022 4197 2167 4249 nobis
2199 4197 2361 4263 geniti
2395 4198 2501 4263 xiv,
2540 4202 2607 4254 39
