3050 4913
1167 382 1417 432 PERSn
1466 382 1628 435 SAT.
1677 385 1734 433 1.

309 520 410 570 his
436 520 752 572 ornamentis
775 522 926 572 simul
949 529 1003 572 et
1029 514 1130 573 tina
1161 539 1322 590 opera
1345 531 1401 575 et

312 596 711 647 absolutionem
748 605 805 648 et
848 599 1051 648 laudem
1093 607 1399 649 consecutu-

312 674 706 737 rum.—Rasis]
773 675 981 739 Ingenti
1033 690 1156 725 cura
1192 675 1401 737 limatis,

311 749 611 812 perpolitis
633 765 828 800 summa
852 751 1118 801 industria.
1174 753 1272 802 Est
1294 767 1400 802 me-

314 824 556 889 taphora
600 827 875 892 desumpta
912 829 978 877 ab
1022 828 1291 892 ehem-iis,
1344 836 1400 879 et

308 902 617 952 statuariis.
659 903 864 954 Casani».

385 982 463 1027 86
486 978 797 1043 Librat,81·c.]
829 981 1103 1033 Antitbeta
1122 990 1241 1032 sunt
1259 983 1396 1032 baec:

306 1054 328 1082 ‘
356 1055 550 1104 Fortia
573 1058 802 1121 neglecti
820 1059 1063 1110 velabant
1083 1062 1215 1110 colla
1239 1061 1399 1124 capil-

308 1131 393 1180 li:
444 1133 519 1180 Et
560 1148 655 1196 per
689 1136 917 1198 neglecti
948 1138 1236 1187 volitabant
1266 1138 1400 1187 colla

314 1210 551 1274 capilli.’
614 1214 631 1240 ⁴
660 1211 767 1261 Aut
802 1215 1037 1277 quotiens
1077 1215 1259 1263 umbra
1282 1229 1397 1279 por-

310 1289 437 1336 rexi
470 1287 681 1338 brachia
702 1297 866 1340 mota:
904 1290 1010 1340 Aut
1033 1292 1270 1355 quotiens
1292 1306 1397 1340 um-

309 1362 418 1412 bra
446 1361 632 1412 reduxi
657 1363 867 1414 brachia
884 1367 1058 1416 mota.’
1124 1365 1400 1416 Antitheta

310 1445 506 1488 autem
529 1439 630 1489 ista
647 1449 782 1502 sunt,
801 1457 915 1505 quae
930 1447 1112 1492 contra
1132 1457 1185 1491 se
1204 1457 1397 1506 ponun-

310 1521 407 1564 tur
427 1532 443 1564 τ
488 1516 698 1577 nt,bine
715 1518 895 1581 pudor,
911 1519 1050 1568 illinc
1069 1519 1360 1583 petulantia
1381 1535 1393 1566 :

307 1592 440 1642 hine
467 1593 743 1657 pudicitia,
768 1595 910 1645 illinc
945 1604 1207 1659 stuprum:
1245 1596 1396 1645 istinc

307 1668 609 1731 fraudatio,
634 1671 774 1720 illinc
799 1671 942 1722 fides.
985 1674 1091 1723 Vet.
1117 1673 1399 1724 Sem—Au·

307 1746 539 1809 tama]
602 1747 666 1796 Id
711 1756 812 1810 est,
856 1749 1055 1812 Figuris
1098 1756 1155 1799 et
1192 1756 1397 1799 contra·

310 1825 803 1889 positia-Doctus]
842 1827 1108 1877 Laudatur
1130 1843 1159 1876 a
1183 1828 1397 1885 circum?

310 1906 500 1950 stante
525 1915 737 1963 corona,
769 1903 905 1967 quod
941 1902 1209 1953 verborum
1241 1902 1396 1952 flores

310 1981 368 2025 et
386 1976 633 2039 picturas
656 1980 880 2028 orationi
896 1995 999 2029 suae
1023 1980 1177 2029 docte
1201 1981 1396 2030 inseru-

311 2053 438 2102 erit.
516 2051 626 2101 Alii
694 2054 798 2117 leg.
854 2056 1039 2104 Doctus
1075 2056 1305 2119 posuisse,
1343 2055 1395 2104 id

309 2138 417 2192 est,
476 2128 756 2179 Laudatur
811 2137 1052 2197 tauquam
1097 2132 1177 2180 vir
1212 2132 1396 2181 doctus

312 2207 364 2255 in
389 2207 660 2271 ponendo,
681 2208 762 2255 vcl
787 2208 852 2255 ad
876 2208 1183 2271 ponendum.
1213 2207 1393 2257 Lubias.

380 2287 446 2332 87
484 2283 681 2331 Beuum
714 2283 823 2346 hoc]
872 2283 1050 2333 Verba
1084 2282 1396 2347 auditorum,

310 2358 476 2409 Pedii
496 2359 788 2410 orationem
802 2359 1243 2424 impudentissime
1260 2375 1397 2410 com-

314 2434 678 2499 probantium,
703 2442 947 2501 tanquam
970 2435 1235 2486 dicerent:
1274 2436 1393 2488 Hoc

313 2511 517 2561 Pedius
551 2511 690 2561 belle
713 2512 860 2572 dicit,
897 2512 994 2562 boc
1019 2519 1101 2561 est
1139 2513 1394 2577 pulcrum,

314 2588 413 2636 hoc
462 2587 911 2638 decorum—Hoc
953 2588 1147 2652 bellum]
1214 2589 1393 2640 Verba

319 2663 494 2712 Persii
518 2678 640 2713 cum
674 2662 1026 2728 indignatione
1052 2671 1108 2714 et
1129 2667 1393 2715 stomacho

316 2740 565 2788 vultuose
593 2740 951 2802 pronunciata.
1018 2741 1179 2793 Quasi
1213 2742 1387 2791 dicat:

321 2813 487 2863 Estne
508 2814 610 2864 hoc
635 2814 862 2864 bellum?
886 2815 988 2865 imo
1013 2823 1092 2865 est
1113 2817 1263 2880 longe
1290 2825 1393 2867 tur·

316 2888 614 2952 pissimum.
670 2889 989 2942 Lubiue--An
1034 2891 1253 2957 anuze]
1306 2892 1390 2942 An

315 2965 487 3015 adbuc
508 2967 596 3016 vir
619 2968 712 3016 es?
746 2967 955 3017 minime
977 2982 1122 3030 vero,
1157 2970 1249 3018 sed
1271 2971 1392 3019 mol-

316 3041 378 3089 lis
401 3049 458 3091 et
482 3041 850 3093 effoeminatus.
920 3045 1145 3094 Romulus
1164 3052 1247 3095 est
1284 3046 1393 3111 qui·

315 3116 392 3165 vis
413 3117 806 3167 Romanorum:
840 3119 1015 3168 mollia
1058 3118 1201 3170 facta
1227 3120 1392 3171 dicta·

315 3206 434 3255 que,
477 3208 583 3244 nec
606 3196 837 3243 Romano
872 3209 969 3244 nec
1010 3197 1223 3245 masculi
1247 3197 1392 3260 spiri·

315 3274 396 3317 tus
420 3269 536 3318 viro
560 3268 894 3319 conveniunt.
917 3270 1177 3319 casaubon.
1230 3271 1392 3322 Quasi

314 3340 457 3393 dicat
479 3361 492 3392 :
533 3343 751 3395 Adeone
774 3359 867 3393 vos
892 3344 1111 3395 Romani
1135 3346 1334 3395 nobiles
1358 3361 1390 3395 a

313 3419 510 3469 virtute
535 3427 595 3470 et
626 3419 899 3484 prudentia
921 3421 1169 3485 majorum
1195 3430 1392 3472 vestro-

316 3510 430 3545 rum
453 3497 836 3562 degenerastis,
855 3508 914 3549 ut
935 3499 1223 3562 impudenti
1245 3500 1391 3549 rabu-

315 3571 381 3621 1ae
404 3579 462 3622 et
482 3574 776 3639 impostori,
800 3590 986 3625 canum
1016 3589 1158 3624 more
1180 3574 1389 3624 adblan-

317 3645 533 3698 diamiui
556 3651 812 3715 e—cevee]
878 3653 974 3702 Est
1016 3657 1187 3700 autem
1230 3666 1392 3701 cetere

320 3723 589 3789 proprium
646 3742 848 3790 canum,
898 3729 1075 3777 clunes
1133 3726 1390 3777 adulando

319 3799 647 3862 agitantium.
713 3804 843 3854 Inde
868 3805 1025 3854 etiam
1047 3804 1114 3854 ad
1133 3818 1214 3853 res
1237 3819 1390 3853 vene-

318 3888 432 3924 reas
450 3879 784 3931 transfertur.
825 3881 1000 3930 Labin.

383 3958 448 4005 88
484 3958 842 4023 Men’moveat]
878 3962 1038 4013 Quasi
1069 3961 1241 4012 dicat:
1279 3962 1391 4010 Me-

318 4043 384 4078 ne
404 4032 470 4081 ad
488 4035 889 4090 misericordiam
915 4052 1031 4087 reus
1048 4043 1388 4098 commoveat,

319 4104 360 4152 si
384 4110 670 4172 magnificis
710 4122 765 4161 et
804 4112 1251 4177 sesquipedalibus
1275 4127 1388 4161 ver-

324 4182 423 4247 bis,
454 4188 727 4239 ambitiosa
750 4190 984 4239 oratione
1007 4195 1202 4251 utatur,
1235 4202 1389 4253 quem

326 4268 597 4323 oporteret
649 4265 934 4317 miserabili
988 4279 1116 4317 voce
1154 4264 1390 4329 judicum

2413 369 2547 436 213

1477 526 1976 577 commiserationem
2016 526 2329 593 implorare?
2396 527 2548 577 Nun-

1478 617 1630 665 quam
1652 602 1905 666 profecto.
1973 605 2110 654 Hinc
2136 605 2319 654 Horat.
2342 603 2543 668 iuquit:

1477 679 1493 705 ‘
1518 678 1572 726 Si
1610 679 1686 727 vis
1709 694 1790 728 me
1824 678 1969 742 flere,
2007 680 2280 729 dolendum
2315 681 2554 733 Primum

1478 757 1577 820 ipsi
1597 757 1864 806 tibiss—Ee
1880 758 2060 819 cantet]
2095 758 2545 810 Quemadmodum

1476 832 1753 895 naufragus
1791 833 1833 881 si
1870 835 2053 896 stipem
2081 849 2112 883 a
2132 848 2214 881 me
2236 833 2548 894 emendicet,

1478 914 1535 957 et
1558 909 1700 957 vultu
1722 909 1871 958 hilari
1898 910 2199 973 atque-laeto
2224 915 2423 970 cantet,
2449 923 2546 958 nee

1477 985 1739 1033 numulum
1765 984 1971 1048 quidem
1998 984 2078 1033 vel
2110 1000 2271 1033 assem
2310 1000 2337 1033 a
2360 1000 2442 1033 me
2465 999 2548 1034 ac·

1477 1059 1672 1121 cipiet:
1710 1059 1781 1108 ita
1821 1073 1916 1109 nec
1956 1073 2091 1120 reus,
2128 1059 2413 1123 magnificis
2436 1070 2548 1108 ver·

1479 1134 1557 1184 bis
1604 1136 1646 1184 si
1691 1142 1883 1198 utatur,
1922 1151 2003 1185 me
2039 1136 2103 1184 nd
2140 1135 2544 1185 misericordiam

1475 1212 1836 1262 commovebit.
1906 1212 2156 1262 Solebant
2202 1220 2375 1260 autem
2419 1226 2543 1260 nau·

1474 1285 1606 1349 fragi
1628 1285 1949 1349 naufragium
1969 1301 2114 1336 suum
2134 1286 2345 1349 depingi
2359 1299 2543 1335 curare

1474 1363 1525 1411 in
1553 1363 1742 1413 tabella
1780 1363 2018 1428 quadam,
2057 1371 2111 1412 et
2149 1362 2289 1410 illam
2328 1361 2543 1410 humero

1474 1446 1706 1503 portare,
1746 1447 1802 1488 et
1824 1439 2000 1488 obvios
2021 1435 2298 1486 miserabili
2323 1436 2410 1485 illa
2433 1436 2542 1500 pic-

1474 1522 1593 1563 tura
1632 1521 1687 1563 et
1725 1514 2047 1564 lamentabili
2086 1527 2212 1562 voce
2253 1512 2317 1561 ad
2351 1511 2538 1574 stipem

1473 1591 1571 1640 sibi
1597 1592 1905 1654 erogandam
1942 1597 1997 1640 et
2036 1590 2538 1641 commiserationem

1472 1652 1740 1731 impellere
1778 1673 1831 1715 et
1874 1678 2219 1716 commovere.
2290 1665 2440 1714 Hanc
2463 1671 2540 1714 ta·

1472 1746 1641 1795 bulum
1670 1746 1860 1808 pictam
1887 1750 2069 1809 postea
2092 1742 2166 1791 illi
2190 1743 2308 1791 Deo
2328 1755 2541 1806 suspen·

1472 1821 1684 1883 debant,
1698 1821 1844 1885 cujus
1864 1834 1961 1885 ope
1986 1834 2041 1868 se
2062 1816 2332 1882 naufragio
2354 1818 2541 1868 libera-

1472 1905 1552 1947 tos
1574 1897 1876 1948 credebaut.
1912 1896 2085 1946 Lubin.

1536 1979 1601 2023 89
1638 1975 1836 2036 Cantas,
1857 1972 1966 2036 ζα]
2001 1973 2065 2022 ln
2089 1972 2268 2021 eadem
2303 1971 2537 2022 similitu-

1473 2049 1593 2098 dine
1642 2056 1960 2113 perseverat.
2044 2049 2204 2101 Quasi
2249 2049 2423 2099 dicat:
2481 2049 2537 2098 Sl

1472 2140 1615 2175 reum
1637 2126 1816 2175 videro
1847 2126 1940 2174 tali
1962 2126 2236 2175 verborum
2276 2124 2537 2174 lenocinio

1469 2216 1525 2249 se
1578 2206 1828 2262 tuentem,
1881 2199 2096 2264 perinde
2142 2200 2207 2249 ad
2250 2201 2535 2251 misericor-

1472 2283 1611 2333 diam
1651 2280 1916 2343 movebOr,
1953 2287 2111 2344 atque
2148 2280 2191 2329 si
2236 2278 2535 2344 naufragum

1470 2372 1618 2407 casus
1640 2371 1757 2406 suos
1779 2357 1831 2405 in
1857 2356 2030 2406 tabula
2063 2356 2296 2419 depictos
2318 2356 2536 2406 circum-

1448 2432 1745 2495 ferentem,
1767 2439 1976 2483 cantare
2002 2430 2535 2494 audirem—Pictum]

1469 2511 1607 2559 Nam
1662 2525 1728 2558 ne
1771 2509 1956 2573 saepius
2011 2509 2063 2557 in
2102 2507 2358 2570 eroganda
2399 2508 2535 2570 stipe

1467 2601 1611 2636 suam
1650 2585 1999 2635 calamitatem
2039 2597 2251 2631 narrare
2294 2596 2537 2644 cogeren-

1469 2670 1573 2726 tur,
1608 2661 1929 2725 naufragium
1954 2675 2098 2710 suum
2139 2660 2189 2708 in
2230 2659 2408 2708 tabula
2442 2658 2536 2706 ali-

1468 2756 1571 2806 qua
1593 2740 1855 2804 depictum
1887 2751 1950 2786 ex
1987 2737 2199 2785 humero
2238 2734 2533 2800 portabant.

1465 2816 1642 2869 Μία.
1691 2816 1827 2869 Quia
1847 2815 2004 2880 magis
2021 2811 2252 2863 afficiunt
2272 2826 2386 2876 quae
2409 2823 2533 2860 ocu·
2585 2829 2589 2839 ¹

1466 2896 1548 2958 lis,
1584 2908 1739 2959 quam
1759 2908 1876 2958 quae
1901 2891 2109 2941 auribus
2144 2889 2528 2954 percipiuntur:

1465 2971 1583 3021 ideo
1620 2971 1877 3034 picturam
1897 2966 2212 3017 adhibebant
2237 2965 2299 3014 ad
2325 2978 2533 3013 moven-

1466 3048 1584 3096 dam
1616 3044 2040 3106 misericordiam,
2065 3057 2164 3091 non
2202 3040 2434 3105 naufragi
2458 3054 2536 3089 so·

1466 3125 1592 3185 lum,
1613 3121 1752 3186 quod
1776 3120 1924 3169 multi
1948 3125 2239 3179 testantur;
2263 3116 2532 3184 sedetiam

1466 3198 1673 3263 patroni
1694 3196 1899 3261 quidam
1921 3196 1974 3244 in
1997 3194 2130 3244 foro.
2170 3193 2369 3244 casaub.

1530 3279 1596 3323 90
1638 3274 1826 3331 Verum,
1848 3271 1955 3335 lfa]
1989 3270 2052 3320 ld
2078 3277 2175 3332 est,
2199 3270 2300 3321 Qui
2327 3283 2407 3318 me
2442 3282 2533 3317 sua

1467 3350 1677 3415 querela
1696 3348 1759 3397 ad
1775 3346 2178 3397 misericordiam
2193 3356 2537 3406 commovere,

1467 3433 1523 3476 et
1547 3426 1611 3475 ad
1637 3423 2008 3474 sublevandum
2047 3423 2266 3486 lapsum,
2301 3425 2354 3468 et
2390 3417 2530 3467 humi

1467 3501 1727 3566 dejectum
1761 3502 2030 3549 incurvare
2053 3505 2109 3547 et
2141 3494 2352 3545 flectere
2375 3492 2531 3542 velit:

1465 3579 1555 3627 ille
1579 3577 1698 3626 mibi
1722 3590 1825 3625 non
1849 3572 2178 3624 lamentabile
2203 3569 2392 3634 aliquid
2415 3584 2533 3619 noc-

1468 3660 1521 3703 te
1558 3660 1913 3716 comparatum
1943 3656 1998 3698 et
2035 3647 2384 3710 excogitatum
2420 3645 2531 3710 plo·

1466 3729 1623 3790 rabit,
1645 3743 1741 3778 nec
1775 3727 2060 3787 elaborata,
2092 3731 2147 3774 et
2170 3722 2533 3787 praemeditata

1469 3806 1724 3865 oratione,
1751 3802 1843 3852 sed
1868 3801 2106 3862 naturali,
2131 3799 2321 3863 vivida,
2346 3805 2399 3848 et
2418 3797 2535 3847 sim-

1467 3881 1610 3947 plici,
1644 3895 1760 3930 suas
1784 3880 1904 3928 mibi
1929 3877 2249 3927 calamitates
2270 3874 2534 3925 recitabit.

1467 3957 1620 4005 Idm.

1531 4037 1592 4082 91
1634 4031 1871 4094 plorabit]
1939 4028 2283 4080 Lamentabili
2305 4042 2432 4078 voce
2454 4041 2535 4076 re-

1467 4106 2041 4169 citabit—Immone]
2123 4105 2209 4156 Ad
2265 4104 2530 4168 dejectum

1466 4185 1836 4235 sublevandum
1852 4190 1906 4232 et
1924 4182 2222 4246 erigendum
2240 4178 2502 4229 inflectere
2517 4194 2534 4240 ;

1467 4262 1523 4312 id
1568 4269 1668 4326 est,
1721 4262 1938 4311 Movere
1990 4259 2056 4309 ad
2100 4255 2528 4309 misericordiam·
