3050 4913
545 345 634 409 86

1307 360 1380 407 A.
1430 358 1681 407 PERStt
1733 357 1996 407 FLAcct

548 504 770 589 Atque
802 509 1191 589 exporrecto
1218 504 1615 569 trutinantur
1644 503 1846 567 verba
1872 500 2137 579 labello,

552 608 813 690 AEgroti
842 608 1083 672 veteris
1112 607 1506 670 meditantes
1537 605 1816 682 somnia,
1847 603 2023 685 gigni

553 709 662 774 De
691 710 896 773 nihilo
925 711 1107 788 nihil,
1138 709 1204 772 in
1234 708 1514 772 nihilum
1541 708 1634 770 nil
1663 725 1864 790 posse
1894 704 2155 769 reverti.

541 812 717 877 Ἡοο
745 818 867 891 est,
898 812 1077 896 quod
1104 812 1358 895 palles?
1407 831 1528 875 cur
1559 810 1709 892 quis
1737 828 1867 872 non
1896 807 2236 892 prandeat,
2264 805 2393 869 hoc
2423 807 2565 870 est‘t
2674 802 2762 870 85

558 914 698 979 His
727 916 1016 998 populus
1046 914 1245 978 ridet:
1291 914 1703 995 multumque
1734 917 1957 975 torosa
1974 912 2289 995 juventus

542 1016 921 1099 Ingeminat
949 1017 1260 1081 tremulos
1287 1035 1451 1079 naso
1482 1015 1814 1098 crispante
1843 1012 2222 1078 cachinnos.

646 1118 947 1203 Inspice:
992 1121 1218 1184 nescio
1249 1119 1409 1203 quid
1438 1117 1721 1202 trepidat
1747 1117 1905 1180 mihi
1934 1120 2187 1200 pectuS,
2217 1118 2283 1176 et
2311 1111 2507 1195 aegris

561 1334 826 1395 expendunt
850 1347 979 1381 voces
1012 1331 1151 1381 labiis
1179 1333 1431 1396 protensis,
1454 1333 1740 1380 revolventes
1761 1331 1989 1380 ἰποοηιιιία
2011 1330 2132 1391 aegri
2153 1330 2336 1393 antiqui
2348 1346 2363 1378 .-
2397 1344 2446 1378 v.
2471 1343 2521 1390 g.
2545 1327 2665 1375 nihil
2680 1341 2764 1389 ge-

562 1399 722 1445 nerari
744 1413 804 1444 ex
823 1398 1001 1453 nihilo:
1033 1399 1154 1446 nihil
1170 1412 1303 1461 posse
1336 1398 1491 1446 redire
1527 1398 1577 1445 in
1609 1396 1830 1445 nihilum.
1896 1396 1982 1444 Au
2004 1396 2119 1444 illud
2142 1401 2211 1443 est
2231 1410 2318 1456 qno
2337 1395 2559 1456 pallorem
2582 1399 2767 1440 contra-

562 1459 673 1511 teis?
708 1460 789 1510 An
813 1462 931 1511 illud
955 1469 1042 1524 est,
1074 1468 1267 1525 propter
1301 1464 1420 1526 quod
1457 1461 1630 1524 aliqus
1651 1477 1743 1509 non
1765 1458 2027 1523 prandeat?
2060 1460 2138 1508 Aa
2161 1460 2258 1507 lia-c
2278 1459 2406 1522 plebs
2435 1458 2486 1505 ia
2520 1456 2768 1505 cachinnos

550 1527 783 1576 solviwr:
817 1529 1071 1588 ctjucenes
1090 1529 1229 1577 nimis
1248 1527 1438 1577 delicati
1458 1525 1773 1589 multiplicant
1793 1526 1915 1575 risus
1937 1530 2189 1574 trementes
2209 1523 2400 1572 auribus
2421 1521 2624 1584 rugatis.
2668 1520 2769 1575 Qui

1489 1670 1813 1691 00‘000009‘0
1821 1669 1847 1688 6·

980 1775 1052 1820 86
1084 1771 1219 1821 Edd.
1244 1772 1413 1838 quaed.
1435 1773 1519 1822 hos
1540 1788 1636 1837 pro
1655 1771 1878 1822 hia—89
1908 1768 2131 1819 ensem
2154 1768 2347 1818 Ms..R.

1571 1911 1789 1964 NOTAE

627 2016 700 2060 82
720 2010 878 2075 Atque
897 2018 1171 2075 exporrecto
1192 2011 1506 2071 trutinantur,
1527 2011 1632 2073 qt]

570 2088 657 2138 Fit
692 2089 892 2138 scilicet
932 2103 1160 2136 murmur
1201 2088 1527 2136 motitatione
1563 2089 1632 2134 la·

574 2163 793 2222 biorum,
828 2174 885 2214 ut
929 2165 1200 2213 videantur
1242 2163 1399 2213 verba
1432 2163 1634 2227 singula

577 2241 841 2304 pensitari.

641 2321 704 2366 83
728 2317 924 2379 AEgroti
945 2317 1116 2365 veteris
1137 2317 1416 2365 meditantes
1434 2316 1638 2379 somnia]

577 2391 665 2442 Sic
712 2407 805 2458 per
848 2399 1163 2442 contemtum
1228 2400 1381 2441 vocat
1442 2391 1637 2455 placita

577 2471 945 2535 philosophica.
1016 2470 1316 2518 Lactantius
1355 2484 1421 2518 ex
1458 2478 1637 2518 vetere

579 2548 748 2599 Poeta
772 2548 843 2596 sic
868 2548 1050 2596 habet:
1084 2551 1097 2573 ⁴
1121 2547 1259 2599 Quid
1300 2554 1523 2609 trgi-otus
1549 2561 1639 2594 un-

580 2639 734 2689 quam
788 2625 1078 2685 somniavit,
1121 2624 1254 2688 qnod
1304 2623 1640 2687 Philosopho-

580 2715 692 2750 rum
716 2700 897 2763 aliquis
923 2714 1021 2748 non
1049 2700 1240 2747 dixerit
1260 2701 1293 2747 ?’

653 2777 804 2838 Gigm‘
825 2778 883 2824 de
902 2775 1048 2823 nihilo
1065 2776 1201 2836 nihil,
1218 2775 1327 2836 ξω]
1355 2776 1643 2824 Christiana

575 2852 689 2901 fide
718 2860 929 2901 constat
959 2853 1127 2899 Deum
1161 2851 1286 2913 Opt.
1313 2851 1456 2899 Max.
1479 2850 1544 2899 de
1569 2853 1641 2899 ni-

585 2929 689 2976 hilo
746 2929 913 2976 omnia
970 2943 1207 2977 creasse:
1265 2935 1318 2975 at
1361 2929 1642 2977 communis

572 3004 760 3068 -opinio
793 3002 894 3053 fnit
926 3013 1163 3053 veterum
1198 3003 1648 3066 Philosophorum,

586 3095 655 3130 ex
678 3080 837 3128 nihilo
861 3081 983 3129 nibil
1008 3079 1152 3140 fieri3
1188 3089 1243 3129 et
1281 3095 1380 3128 non
1418 3094 1569 3144 posse
1594 3080 1646 3128 id

579 3157 724 3221 quod
747 3158 891 3206 estin
917 3157 1126 3205 nihilum
1151 3157 1311 3205 abire.
1374 3157 1647 3206 Lucretius

586 3234 676 3286 lib.
702 3248 740 3282 ι.
775 3238 790 3263 ‘
815 3234 901 3284 Nil
938 3235 1096 3296 igitur
1130 3233 1242 3281 sieri
1278 3234 1342 3282 de
1368 3234 1469 3282 nilo
1496 3249 1647 3296 posse

578 3307 871 3373 putandum
912 3317 1008 3371 cst,
1046 3310 1249 3358 Stmine
1280 3309 1483 3372 quaudo
1519 3325 1647 3372 opus

589 3391 669 3435 est
695 3385 883 3447 rebus,'
902 3390 1001 3435 &c-

654 3468 716 3512 85
755 3463 862 3511 Hoc
905 3468 994 3523 est,
1043 3466 1165 3526 quod
1204 3463 1372 3526 palles]
1439 3462 1652 3511 Scilicet

587 3539 839 3603 pallorem
878 3540 1157 3600 contrahis,
1194 3547 1247 3588 et
1284 3547 1336 3587 te
1376 3538 1652 3587 discrucias

580 3609 807 3679 ¹propter
848 3617 1102 3679 ejusmodi
1147 3630 1304 3678 nugas
1347 3624 1401 3665 et
1441 3616 1653 3663 deliria?

588 3692 682 3752 Te,
710 3692 939 3756 inquam,
979 3693 1149 3740 inedia
1186 3691 1413 3754 conticis,
1451 3700 1508 3740 nt
1553 3694 1654 3740 Dc-

591 3768 813 3829 mocriti,
848 3769 1075 3831 Epicuri,
1110 3768 1373 3830 Diogenis,
1414 3770 1478 3817 de
1515 3769 1654 3832 prin-

591 3843 743 3905 cipiis
768 3858 954 3900 rerum,
979 3859 1131 3892 vanas
1166 3844 1576 3906 disceptationes
1599 3853 1652 3893 et

595 3921 972 3970 controversias
1020 3923 1279 3982 integres?
1331 3922 1378 3970 0
1427 3931 1477 3969 te
1525 3923 1653 3969 insa-

594 3998 745 4046 num!
783 3998 948 4059 inquit
974 3997 1059 4043 ille
1084 3996 1329 4044 Centurio
1353 3997 1599 4044 hircosus.

665 4077 766 4123 Cur
805 4076 910 4135 quis
950 4088 1039 4120 non
1081 4073 1333 4134 prandeat]
1402 4073 1656 4135 Adeoque

597 4152 758 4201 semel
803 4150 857 4198 in
900 4149 986 4198 die
1030 4148 1200 4197 cibum
1246 4150 1444 4212 capiat.
1519 4150 1657 4198 Tull.

599 4230 795 4282 Quoest.
818 4225 1032 4277 Tuscul.
1070 4230 1127 4274 νζ
1155 4226 1171 4253 ‘
1193 4225 1375 4275 Mente
1412 4231 1560 4276 recte
1585 4228 1660 4277 uti

1713 2021 1813 2055 non
1850 2018 2118 2069 possumus
2142 2002 2306 2051 multo
2340 2000 2459 2051 cibo
2481 2007 2538 2048 et
2560 1998 2773 2062 potione

1714 2083 1995 2146 completi.⁹
2064 2081 2201 2128 Hinc
2225 2077 2443 2127 studiosi
2467 2077 2539 2124 illi
2576 2081 2775 2124 vetem

1715 2158 2000 2207 sobrietate
2025 2155 2284 2203 acuebant
2306 2152 2585 2213 ingenium,
2615 2156 2678 2198 ut
2710 2150 2775 2198 ad

1715 2232 2080 2282 meditationes
2124 2228 2501 2292 philosophicas
2553 2227 2778 2289 aptiores

1717 2318 1902 2359 essent.
1963 2308 2147 2357 Horat.
2168 2307 2275 2356 Sat.
2303 2319 2361 2354 ιι.
2385 2308 2434 2353 3.
2457 2305 2472 2330 ‘
2494 2303 2778 2367 Postquam

1718 2396 1798 2436 est
1822 2386 2063 2449 impransi
2081 2391 2356 2446 correptus
2371 2395 2496 2430 voce
2513 2377 2781 2442 magistri!

1719 2465 1852 2513 vide
1879 2465 2027 2512 Alex.
2054 2461 2119 2510 ab
2138 2461 2288 2510 Alex.
2308 2475 2354 2507 v.
2374 2463 2457 2506 21.
2492 2455 2628 2505 emt.
2653 2454 2783 2503 Rho·

1720 2541 1824 2598 dig.
1851 2554 2027 2589 xxvii.
2052 2543 2132 2587 2⁴.

1785 2623 1849 2667 86
1885 2617 1983 2666 1112«
2014 2617 2140 2663 ridet
2174 2609 2392 2676 populus]
2457 2608 2564 2658 Alii
2586 2606 2782 2669 legunt,

1721 2696 1822 2753 lios,
1858 2692 1909 2741 id
1948 2700 2046 2752 est,
2083 2688 2440 2751 Philosophus.
2508 2683 2632 2742 Alii,
2670 2683 2784 2731 hoe.-

1722 2770 1825 2820 Alii
1848 2775 1902 2818 et
1925 2769 2125 2828 melius,
2153 2766 2337 2826 legunt
2355 2777 2417 2811 ex
2445 2761 2660 2823 antiquo
2694 2758 2786 2807 Co-

1725 2847 1855 2907 dice,
1878 2853 1930 2893 et
1954 2844 2178 2892 retinent
2203 2841 2292 2889 liis.
2357 2838 2547 2887 Sensus
2570 2843 2674 2884 est:
2708 2834 2783 2882 his

1726 2922 1972 2973 conviciis
2009 2922 2061 2968 in
2101 2917 2439 2979 Philosophus
2468 2912 2687 2976 jactatis
2721 2910 2784 2959 ab

1725 3003 1928 3051 hircoso
1953 2999 2264 3050 Centurione
2288 2992 2568 3043 assentitur
2588 3000 2642 3039 et
2667 2988 2787 3037 arri-

1729 3079 1824 3128 det
1867 3078 2104 3142 popnlus,
2148 3088 2265 3122 snos
2307 3071 2466 3120 etiam
2517 3066 2787 3116 cachinnos

1730 3156 1996 3221 adjungit3
2046 3152 2342 3217 gaudetque
2378 3149 2627 3212 juventus
2669 3142 2791 3190 mili·

1732 3235 1819 3284 tiae
1857 3232 2051 3290 dedita,
2089 3237 2145 3278 et
2183 3226 2513 3276 scientiarum
2557 3233 2790 3282 asperna-

1733 3311 1854 3370 trix,
1893 3307 2152 3370 sapientes
2191 3303 2266 3351 ita
2321 3298 2546 3348 ludibrio
2603 3293 2793 3355 haberi,

1728 3386 1865 3435 unde
1884 3392 1939 3433 et
1973 3381 2251 3444 ingeminat
2275 3372 2745 3425 subsannationem.

1795 3461 1990 3524 Tor-osa]
2056 3461 2221 3508 Torus
2247 3455 2382 3503 idem
2407 3459 2485 3499 est
2510 3449 2647 3512 quod
2672 3460 2791 3495 caro

1731 3539 2038 3598 musculosa,
2057 3534 2178 3582 hinc
2204 3539 2402 3580 torosus
2429 3525 2685 3590 significat
2721 3539 2795 3572 ro·

1736 3618 1937 3666 bustum
1961 3622 2014 3662 et
2037 3611 2413 3673 corpulentum.

1799 3698 1862 3742 88
1898 3690 2080 3754 Inspice
2123 3687 2276 3736 nescio
2320 3685 2450 3748 qaid,
2489 3680 2595 3744 85c.]
2681 3679 2792 3730 Jam

1735 3769 1947 3820 Persius
1973 3768 2159 3816 risores
2185 3765 2298 3812 illos
2339 3759 2645 3821 insipientes
2682 3770 2795 3804 con-

1735 3845 1892 3894 futat.
1927 3845 2022 3892 Est
2044 3842 2179 3890 enim
2204 3836 2467 3900 responsio
2495 3828 2796 3893 Philosophi

1734 3920 1800 3969 ad
1835 3920 2224 3974 centurionem,
2249 3930 2313 3964 ex
2337 3908 2694 3967 similitudine,
2714 3920 2798 3955 cn·

1725 3999 1816 4063 jus
1851 3995 2100 4060 protasim
2140 3992 2285 4055 ponit
2324 3985 2530 4052 quidem
2569 3983 2799 4052 Persius,

1735 4072 2000 4138 apodosim
2038 4069 2272 4119 minime:
2329 4065 2459 4112 hanc
2499 4069 2577 4117 tu,
2618 4060 2799 4116 lector,

1736 4150 1952 4212 supple3
1987 4154 2078 4195 aut
2112 4145 2185 4192 sic
2221 4142 2379 4190 habe:
2417 4145 2647 4201 {egrotus
2670 4148 2801 4197 prae-

1739 4231 1894 4288 cepta
1917 4221 2245 4273 Medicorum
2268 4230 2370 4266 non
2389 4214 2671 4264 observans
2695 4209 2802 4259 bre·
