3050 4913
1168 413 1622 469 suvnnams.
1665 407 1679 419 ·
2345 402 2516 470 1267

279 557 649 642 possessoris
691 559 1063 622 humanitate
1113 562 1511 634 celeberrima,
1558 563 1883 623 serrantur.
1970 562 2197 625 Horum
2228 564 2518 625 lectiones

279 660 575 720 variantes
601 668 892 739 acceptas
919 659 1115 719 refero
1169 660 1380 740 insigni
1426 662 1850 722 benevolentiae
1879 662 1972 722 Cl.
2004 664 2238 743 Degen,
2269 662 2375 721 viri
2405 662 2518 721 hu

275 756 610 816 inanissimi
637 767 702 817 et
729 756 1083 827 doctissimi,
1117 757 1237 835 qui.
1260 758 1558 836 specimen
1600 778 1796 818 earum
1828 759 2210 838 ipsorumque
2237 758 2513 821 codicum

278 851 792 932 descriptionem
761 873 893 930 ¹jam
910 851 1187 913 dederat
1172 873 1228 913 111
1252 854 1589 933 prolusione
1617 855 1899 917 scholast.
1933 877 2069 935 quae
2088 857 2364 935 inscripta
2380 866 2515 916 031.

279 949 869 1030 Einladungsscbrift
895 970 1030 1009 zum
1069 950 1356 1028 gewohnl.
1396 951 2178 1031 Herbstexamen-—Beitrag
2209 974 2280 1012 zu
2310 954 2518 1013 Nacb⁴

275 1046 503 1106 ricbten
532 1066 659 1106 von
691 1046 846 1106 alten
878 1046 1344 1107 Handscbriften
1370 1070 1386 1116 3
1430 1046 1785 1108 Onolzbach
1833 1059 2004 1119 1785.
2034 1060 2094 1110 4.
2125 1050 2284 1109 unde
2311 1070 2514 1111 excer-

276 1163 436 1222 pam,
464 1164 611 1224 qum
638 1144 718 1204 ad
750 1164 875 1203 rem
902 1153 1167 1205 nostram
1195 1154 1490 1223 spectant,
1540 1166 1792 1225 quaeque
1841 1166 1976 1226 pag.
2017 1158 2075 1207 4.
2108 1156 2163 1208 5.
2193 1159 2254 1206 et
2283 1156 2376 1207 10.
2414 1158 2516 1207 11.

277 1239 625 1300 traduntur.

351 1336 457 1399 21.
504 1336 1022 1397 Schiinbornensis
1064 1357 1113 1398 s.
1164 1337 1563 1417 Gaybacensis
1592 1342 1851 1418 primus,
1894 1341 2230 1419 praeclarus,
2260 1340 2359 1420 11111
2390 1360 2514 1400 1110-

276 1434 601 1494 motabiles
629 1454 704 1494 ac
734 1435 1055 1513 singulares
1104 1436 1322 1514 passim
1365 1439 1624 1516 suggerit
1652 1439 1959 1508 lectiones,
1983 1448 2062 1509 et,
2094 1446 2378 1516 quantum
2407 1445 2520 1497 nos

279 1529 371 1590 Jo-
400 1532 711 1592 Mabillon
740 1532 842 1610 (de
870 1553 931 1592 re
960 1532 1363 1612 diplomatica,
1395 1537 1593 1595 Latet.
1622 1522 1807 1596 Paris.
1835 1545 2011 1606 1709.
2033 1536 2161 1609 sol.)
2180 1543 2242 1595 et
2267 1534 2518 1595 Chroni-

282 1630 390 1689 eon
419 1631 828 1690 Gottvicense
856 1630 1090 1701 docent,
1110 1628 1266 1691 Saec.
1294 1648 1431 1690 xn.
1459 1631 1716 1710 scriptus
1742 1641 1851 1691 est.
1897 1632 2071 1691 Foliis
2099 1648 2233 1690 mv.
2255 1640 2515 1700 constat,

280 1737 336 1786 et
384 1729 724 1807 marginem
779 1728 1153 1807 spatiumque
1207 1728 1359 1788 inter
1415 1728 1597 1788 lineas
1656 1729 1855 1788 multae
1922 1739 2221 1807 occupant
2274 1731 2511 1805 glossat,

282 1844 528 1903 quarum
561 1827 841 1906 plurimae
869 1827 928 1885 in
957 1825 1250 1903 prioribus
1280 1826 1600 1886 duodecim
1630 1826 1782 1886 foliis
1809 1826 2140 1886 doctrinam
2167 1826 2317 1884 Saec.
2350 1843 2515 1886 x1·11.

279 1921 569 1983 redolent.
658 1923 1012 1983 Membrana
1039 1925 1223 2003 magis
1249 1923 1401 1984 flava
1426 1932 1517 1985 est
1546 1943 1726 2004 quam
1756 1923 1911 1994 alba,
1936 1921 2038 1982 sed
2073 1922 2217 1982 bene
2245 1921 2516 2002 levigata.

281 2012 589 2097 Scriptura
616 2018 823 2097 prodit
850 2039 1108 2090 manum,
1138 2040 1273 2098 quae
1297 2040 1524 2080 summa
1554 2041 1696 2081 cura
1724 2028 1842 2081 tam
1865 2020 2180 2099 puritatem
2209 2037 2387 2128 quam
2415 2039 2521 2078 ex·

281 2125 468 2176 aiam
514 2115 999 2176 convenientiam
1040 2115 1390 2186 affectabat;
1434 2117 1758 2178 admodum
1788 2136 2029 2196 quoque
2059 2116 2371 2196 perspicua
2396 2125 2516 2186 est,

284 2213 386 2272 etsi
408 2222 815 2274 atramentum
835 2213 966 2291 jam
998 2211 1218 2291 passim
1251 2212 1482 2289 palluit.
1567 2214 1892 2275 Literarum
1921 2213 2113 2273 forma
2154 2212 2518 2319 majuscula,

281 2318 337 2369 et
360 2321 548 2371 ovata
579 2310 773 2388 magis
802 2328 980 2387 qnam
1009 2307 1282 2369 rotunda.

353 2418 457 2471 22.
505 2407 1013 2484 &withoniensis
1048 2427 1097 2467 s.
1131 2406 1533 2486 Gaybacemio
1558 2407 1730 2479 aller,
1760 2407 1884 2468 sine
1924 2408 2156 2486 glossis,
2188 2408 2340 2469 bene
2368 2428 2515 2469 con·
2523 2463 2529 2472 ,

260 2517 564 2578 maratus,
609 2516 675 2566 et
718 2506 859 2566 satis
903 2504 1237 2585 perspicue,
1287 2503 1484 2565 medio
1525 2504 1723 2566 forsan
1761 2506 1854 2590 vel
1892 2515 2139 2565 exeunte
2167 2508 2515 2568 Saec.xl11.

284 2603 569 2683 scriptus:
655 2602 999 2680 Manipulos
1048 2601 1231 2661 babet
1270 2601 1553 2681 quinque,
1597 2621 1848 2681 quorum
1880 2611 1993 2660 tres
2021 2602 2244 2679 priores
2272 2611 2514 2676 octona,

282 2709 523 2778 quartus
548 2717 650 2770 x„
680 2711 741 2759 et
769 2699 1011 2780 quintus
1042 2715 1177 2760 xn.
1207 2698 1351 2759 folia
1373 2699 1810 2778 complectitur.
1895 2698 2248 2759 Membrana
2267 2709 2356 2759 est
2375 2718 2519 2760 can-

284 2793 415 2855 dida
438 2806 506 2858 et
532 2796 758 2868 mollis,
788 2797 1076 2875 scriptura
1120 2805 1312 2856 autem
1358 2795 1531 2874 plane
1575 2816 1836 2876 congrua
1864 2816 2002 2857 011111
2045 2796 2362 2875 specimine
2389 2797 2516 2871 iuo,

286 2894 439 2972 qnod
470 2893 775 2973 reperitur
799 2895 861 2953 in
892 2892 1205 2954 Mabilloni
1234 2894 1362 2956 tab.
1391 2909 1538 2954 xlv.
1567 2913 1627 2954 n.
1659 2905 1717 2957 2.
1748 2896 1852 2956 sed
1880 2894 2057 2974 paulo
2085 2895 2298 2956 minor.
2354 2896 2519 2967 Qua·-

279 3003 410 3055 taor
434 2993 749 3072 prioribus
777 2993 981 3054 Satiris
1024 2992 1319 3052 recentior
1360 3010 1567 3051 manus
1609 2993 1811 3052 brevia
1836 2992 2121 3072 praemisit
2154 3003 2517 3071 argumenta.

284 3089 485 3150 Codex
515 3090 652 3169 ipse
667 3109 791 3149 non
816 3089 1084 3162 eandem,
1106 3108 1286 3167 quam
1318 3088 1606 3165 superior,
1624 3091 2017 3151 recensionem
2047 3090 2333 3168 sequitur,
2363 3091 2514 3151 mul·

282 3196 494 3268 tuque
521 3187 816 3247 lectiones
843 3186 1086 3247 exhibet
1116 3198 1238 3246 tum
1267 3184 1555 3265 egregias,
1585 3194 1711 3245 tum
1737 3185 1848 3245 sibi
1875 3177 2163 3264 proprias.
2263 3188 2331 3245 ln
2362 3198 2516 3247 utro-

288 3303 400 3363 que
446 3285 765 3344 innumera
806 3282 1328 3367 deprehenduntur
1370 3300 1586 3342 vocum
1636 3283 2006 3362 compendia,
2056 3291 2117 3345 et
2163 3304 2280 3344 non
2329 3285 2521 3348 modo

282 3381 511 3441 crebrae
537 3377 979 3440 emendationes
1008 3377 1286 3440 secundm
1307 3398 1538 3453 manus,
1562 3375 1665 3441 sed
1691 3381 1919 3460 aliquot
1937 3381 2112 3443 etiam
2141 3401 2294 3441 vai-r.
2315 3382 2532 3461 Lectt„

280 3477 664 3539 notationes.⁴

356 3582 465 3636 23.
494 3583 559 3634 et
587 3583 689 3635 24.
738 3573 1007 3633 Gotlmni
1037 3572 1173 3645 duo,
1210 3575 1659 3646 membranacei,

282 3671 380 3752 qui
407 3672 472 3731 111
504 3671 871 3731 bibliotheca
898 3671 1115 3730 Ducali
1154 3680 1377 3743 extant,
1428 3680 1486 3731 et
1536 3691 1768 3732 summa
1796 3663 2069 3732 Virorum
2099 3668 2231 3730 Cel.
2259 3669 2514 3730 Geislcri

285 3777 343 3830 et
367 3769 716 3847 Doti-ing&
744 3768 1106 3829 humanitate
1135 3769 1340 3829 usibus
1366 3770 1587 3832 nostris
1612 3768 1796 3828 oblati
1824 3778 1980 3828 sunt.
2032 3766 2289 3827 Criticus
2317 3775 2513 3829 tamen

284 3886 495 3928 eorum
522 3883 670 3925 usus
690 3865 784 3926 vel
803 3865 997 3926 nullus
1016 3868 1108 3926 vel
1130 3867 1377 3946 exiguus
1396 3875 1510 3937 est,
1527 3887 1665 3927 cum
1693 3864 1934 3924 indocte
1952 3871 2015 3923 et
2031 3865 2338 3925 recentiori
2359 3886 2520 3938 aevo,

280 3964 455 4040 (alter
480 3970 736 4023 exeunte
763 3963 962 4023 forsan
1009 3964 1161 4025 Saec.
1204 3982 1354 4026 x1v.
1382 3966 1529 4026 alter
1556 3963 1847 4045 principio
1877 3963 2026 4023 Saec.
2056 3967 2198 4039 xv.)
2220 3984 2409 4045 neque
2438 3983 2513 4023 ex

281 4059 511 4139 optimo
538 4059 857 4139 exemplari
886 4058 1168 4140 descripti
1190 4062 1321 4121 sint.
1381 4060 1816 4123 Varietas.inde
1838 4060 2120 4141 decerpta
2143 4060 2218 4120 ad
2249 4059 2518 4122 solennia

281 4156 406 4217 sere
435 4176 642 4235 pravae
688 4156 991 4237 scriptum
1034 4156 1174 4218 vitia
1211 4158 1402 4229 redit:
1445 4167 1528 4232 et,
1570 4157 1620 4219 si
1667 4178 1781 4239 qua
1823 4156 2145 4223 tolerabilis
2166 4154 2516 4216 memorabi-

280 4253 475 4318 liorve
492 4253 786 4336 reperitur
802 4254 1004 4329 lectio,
1020 4263 1127 4318 aut
1146 4275 1220 4318 ex
1238 4275 1434 4319 errore
1454 4275 1523 4317 ea
1545 4254 1634 4317 est
1648 4254 1943 4337 profecta,
1969 4264 2072 4315 aut
2086 4273 2159 4313 ex
2179 4251 2307 4312 aliis
2324 4248 2518 4317 codd.
