<?xml version="1.0" encoding="UTF-8"?>
<!DOCTYPE html PUBLIC "-//W3C//DTD XHTML 1.0 Transitional//EN"
    "http://www.w3.org/TR/xhtml1/DTD/xhtml1-transitional.dtd">
<html xmlns="http://www.w3.org/1999/xhtml" xml:lang="en" lang="en">
 <head>
  <title>
</title>
<meta http-equiv="Content-Type" content="text/html;charset=utf-8" />
  <meta name='ocr-system' content='tesseract 3.04.00' />
  <meta name='ocr-capabilities' content='ocr_page ocr_carea ocr_par ocr_line ocrx_word'/>
</head>
<body>
  <div class='ocr_page' id='page_1' title='image "./operaomniavolum00juvegoog/operaomniavolum00juvegoog_0298.png"; bbox 0 0 3050 4913; ppageno 0'>
   <div class='ocr_carea' id='block_1_1' title="bbox 491 379 1911 455">
    <p class='ocr_par' dir='ltr' id='par_1_1' title="bbox 491 379 1911 455">
     <span class='ocr_line' id='line_1_1' title="bbox 491 379 1911 455; baseline -0.001 -12"><span class='ocrx_word' id='word_1_1' title='bbox 491 379 577 443; x_wconf 81' lang='lat' dir='ltr'><strong>to</strong></span> <span class='ocrx_word' id='word_1_2' title='bbox 1268 394 1366 441; x_wconf 76' lang='lat' dir='ltr'><strong>ns</strong></span> <span class='ocrx_word' id='word_1_3' title='bbox 1413 392 1659 442; x_wconf 67' lang='lat' dir='ltr'><strong>pensu</strong></span> <span class='ocrx_word' id='word_1_4' title='bbox 1711 394 1911 455; x_wconf 71' lang='lat' dir='ltr'><strong>viu,</strong></span> 
     </span>
    </p>
   </div>
   <div class='ocr_carea' id='block_1_2' title="bbox 486 540 2707 4299">
    <p class='ocr_par' dir='ltr' id='par_1_2' title="bbox 487 540 2707 1440">
     <span class='ocr_line' id='line_1_2' title="bbox 489 540 2707 619; baseline 0.003 -14"><span class='ocrx_word' id='word_1_5' title='bbox 489 541 990 606; x_wconf 86' lang='lat' dir='ltr'><strong>innumerabiles</strong></span> <span class='ocrx_word' id='word_1_6' title='bbox 1018 543 1173 616; x_wconf 89' lang='lat' dir='ltr'><strong>sint,</strong></span> <span class='ocrx_word' id='word_1_7' title='bbox 1195 560 1317 604; x_wconf 88' lang='lat' dir='ltr'><strong>nec</strong></span> <span class='ocrx_word' id='word_1_8' title='bbox 1348 540 1432 603; x_wconf 90' lang='lat' dir='ltr'><strong>ad</strong></span> <span class='ocrx_word' id='word_1_9' title='bbox 1463 547 1712 604; x_wconf 81' lang='lat' dir='ltr'><strong>certum</strong></span> <span class='ocrx_word' id='word_1_10' title='bbox 1743 555 2077 606; x_wconf 81' lang='lat' dir='ltr'><strong>munerum</strong></span> <span class='ocrx_word' id='word_1_11' title='bbox 2105 546 2341 605; x_wconf 76' lang='lat' dir='ltr'><strong>natura</strong></span> <span class='ocrx_word' id='word_1_12' title='bbox 2369 542 2707 619; x_wconf 57' lang='lat' dir='ltr'><strong>astrictae„</strong></span> 
     </span>
     <span class='ocr_line' id='line_1_3' title="bbox 489 643 2685 727; baseline -0 -19"><span class='ocrx_word' id='word_1_13' title='bbox 489 652 956 727; x_wconf 62' lang='lat' dir='ltr'><strong>praeceptaque</strong></span> <span class='ocrx_word' id='word_1_14' title='bbox 984 650 1049 707; x_wconf 90' lang='lat' dir='ltr'><strong>et</strong></span> <span class='ocrx_word' id='word_1_15' title='bbox 1077 643 1319 724; x_wconf 83' lang='lat' dir='ltr'><strong>reguloe</strong></span> <span class='ocrx_word' id='word_1_16' title='bbox 1349 643 1543 727; x_wconf 83' lang='lat' dir='ltr'><strong>hujus</strong></span> <span class='ocrx_word' id='word_1_17' title='bbox 1569 644 1677 706; x_wconf 84' lang='lat' dir='ltr'><strong>vel</strong></span> <span class='ocrx_word' id='word_1_18' title='bbox 1700 643 1881 706; x_wconf 90' lang='lat' dir='ltr'><strong>illius</strong></span> <span class='ocrx_word' id='word_1_19' title='bbox 1906 644 2133 708; x_wconf 81' lang='lat' dir='ltr'><strong>formae</strong></span> <span class='ocrx_word' id='word_1_20' title='bbox 2182 649 2297 708; x_wconf 87' lang='lat' dir='ltr'><strong>aut</strong></span> <span class='ocrx_word' id='word_1_21' title='bbox 2343 645 2685 709; x_wconf 72' lang='lat' dir='ltr'><strong>imitatori-</strong></span> 
     </span>
     <span class='ocr_line' id='line_1_4' title="bbox 490 744 2685 828; baseline 0 -20"><span class='ocrx_word' id='word_1_22' title='bbox 490 746 618 809; x_wconf 89' lang='lat' dir='ltr'><strong>bus</strong></span> <span class='ocrx_word' id='word_1_23' title='bbox 650 751 766 809; x_wconf 89' lang='lat' dir='ltr'><strong>aut</strong></span> <span class='ocrx_word' id='word_1_24' title='bbox 795 747 1154 810; x_wconf 90' lang='lat' dir='ltr'><strong>lectoribus</strong></span> <span class='ocrx_word' id='word_1_25' title='bbox 1180 752 1437 810; x_wconf 90' lang='lat' dir='ltr'><strong>tantum</strong></span> <span class='ocrx_word' id='word_1_26' title='bbox 1468 746 1855 822; x_wconf 84' lang='lat' dir='ltr'><strong>scribantur,</strong></span> <span class='ocrx_word' id='word_1_27' title='bbox 1903 750 1980 808; x_wconf 89' lang='lat' dir='ltr'><strong>ut</strong></span> <span class='ocrx_word' id='word_1_28' title='bbox 2002 785 2007 788; x_wconf 98' lang='lat'>-</span> <span class='ocrx_word' id='word_1_29' title='bbox 2031 746 2336 820; x_wconf 84' lang='lat' dir='ltr'><strong>habeant,</strong></span> <span class='ocrx_word' id='word_1_30' title='bbox 2369 744 2551 828; x_wconf 91' lang='lat' dir='ltr'><strong>quod</strong></span> <span class='ocrx_word' id='word_1_31' title='bbox 2578 765 2685 809; x_wconf 84' lang='lat' dir='ltr'><strong>se-</strong></span> 
     </span>
     <span class='ocr_line' id='line_1_5' title="bbox 492 845 2687 931; baseline 0.001 -21"><span class='ocrx_word' id='word_1_32' title='bbox 492 853 796 929; x_wconf 82' lang='lat' dir='ltr'><strong>quantur,</strong></span> <span class='ocrx_word' id='word_1_33' title='bbox 825 855 943 911; x_wconf 85' lang='lat' dir='ltr'><strong>aut</strong></span> <span class='ocrx_word' id='word_1_34' title='bbox 972 849 1056 912; x_wconf 87' lang='lat' dir='ltr'><strong>ad</strong></span> <span class='ocrx_word' id='word_1_35' title='bbox 1089 849 1270 931; x_wconf 92' lang='lat' dir='ltr'><strong>quod</strong></span> <span class='ocrx_word' id='word_1_36' title='bbox 1319 850 1386 911; x_wconf 93' lang='lat' dir='ltr'><strong>in</strong></span> <span class='ocrx_word' id='word_1_37' title='bbox 1429 848 1703 930; x_wconf 85' lang='lat' dir='ltr'><strong>legendo</strong></span> <span class='ocrx_word' id='word_1_38' title='bbox 1744 845 2105 923; x_wconf 83' lang='lat' dir='ltr'><strong>attendant,</strong></span> <span class='ocrx_word' id='word_1_39' title='bbox 2133 866 2266 912; x_wconf 89' lang='lat' dir='ltr'><strong>non</strong></span> <span class='ocrx_word' id='word_1_40' title='bbox 2298 848 2536 929; x_wconf 72' lang='lat' dir='ltr'><strong>poetis,</strong></span> <span class='ocrx_word' id='word_1_41' title='bbox 2569 849 2687 930; x_wconf 89' lang='lat' dir='ltr'><strong>qui</strong></span> 
     </span>
     <span class='ocr_line' id='line_1_6' title="bbox 488 949 2683 1033; baseline 0.001 -21"><span class='ocrx_word' id='word_1_42' title='bbox 488 949 694 1018; x_wconf 82' lang='lat' dir='ltr'><strong>libero</strong></span> <span class='ocrx_word' id='word_1_43' title='bbox 720 971 936 1028; x_wconf 88' lang='lat' dir='ltr'><strong>cursu,</strong></span> <span class='ocrx_word' id='word_1_44' title='bbox 966 971 1097 1033; x_wconf 91' lang='lat' dir='ltr'><strong>quo</strong></span> <span class='ocrx_word' id='word_1_45' title='bbox 1128 951 1411 1033; x_wconf 85' lang='lat' dir='ltr'><strong>impetus</strong></span> <span class='ocrx_word' id='word_1_46' title='bbox 1439 955 1503 1012; x_wconf 89' lang='lat' dir='ltr'><strong>et</strong></span> <span class='ocrx_word' id='word_1_47' title='bbox 1534 949 1752 1013; x_wconf 82' lang='lat' dir='ltr'><strong>Musae</strong></span> <span class='ocrx_word' id='word_1_48' title='bbox 1782 949 2047 1024; x_wconf 87' lang='lat' dir='ltr'><strong>ducant,</strong></span> <span class='ocrx_word' id='word_1_49' title='bbox 2075 953 2457 1031; x_wconf 88' lang='lat' dir='ltr'><strong>sequuntur.</strong></span> <span class='ocrx_word' id='word_1_50' title='bbox 2531 949 2683 1015; x_wconf 79' lang='lat' dir='ltr'>111ae</span> 
     </span>
     <span class='ocr_line' id='line_1_7' title="bbox 491 1051 2685 1136; baseline 0.001 -22"><span class='ocrx_word' id='word_1_51' title='bbox 491 1052 712 1116; x_wconf 86' lang='lat' dir='ltr'><strong>satirae</strong></span> <span class='ocrx_word' id='word_1_52' title='bbox 744 1060 859 1116; x_wconf 85' lang='lat' dir='ltr'><strong>aut</strong></span> <span class='ocrx_word' id='word_1_53' title='bbox 896 1053 1201 1136; x_wconf 85' lang='lat' dir='ltr'><strong>epistoloe</strong></span> <span class='ocrx_word' id='word_1_54' title='bbox 1255 1052 1342 1116; x_wconf 90' lang='lat' dir='ltr'><strong>ad</strong></span> <span class='ocrx_word' id='word_1_55' title='bbox 1393 1054 1645 1115; x_wconf 86' lang='lat' dir='ltr'><strong>amicos</strong></span> <span class='ocrx_word' id='word_1_56' title='bbox 1682 1053 1910 1115; x_wconf 80' lang='lat' dir='ltr'><strong>missae</strong></span> <span class='ocrx_word' id='word_1_57' title='bbox 1958 1071 2039 1115; x_wconf 91' lang='lat' dir='ltr'><strong>eo</strong></span> <span class='ocrx_word' id='word_1_58' title='bbox 2084 1052 2364 1116; x_wconf 91' lang='lat' dir='ltr'><strong>consilio</strong></span> <span class='ocrx_word' id='word_1_59' title='bbox 2413 1051 2685 1134; x_wconf 73' lang='lat' dir='ltr'><strong>scriptae</strong></span> 
     </span>
     <span class='ocr_line' id='line_1_8' title="bbox 492 1153 2688 1237; baseline 0.001 -22"><span class='ocrx_word' id='word_1_60' title='bbox 492 1159 662 1230; x_wconf 89' lang='lat' dir='ltr'><strong>sunt,</strong></span> <span class='ocrx_word' id='word_1_61' title='bbox 713 1159 789 1217; x_wconf 89' lang='lat' dir='ltr'><strong>ut</strong></span> <span class='ocrx_word' id='word_1_62' title='bbox 836 1156 967 1237; x_wconf 87' lang='lat' dir='ltr'><strong>ipsi</strong></span> <span class='ocrx_word' id='word_1_63' title='bbox 1022 1156 1215 1237; x_wconf 80' lang='lat' dir='ltr'><strong>quasi</strong></span> <span class='ocrx_word' id='word_1_64' title='bbox 1282 1154 1726 1236; x_wconf 75' lang='lat' dir='ltr'><strong>inscriptionis</strong></span> <span class='ocrx_word' id='word_1_65' title='bbox 1775 1153 2018 1216; x_wconf 89' lang='lat' dir='ltr'><strong>bonore</strong></span> <span class='ocrx_word' id='word_1_66' title='bbox 2067 1153 2393 1235; x_wconf 80' lang='lat' dir='ltr'><strong>amicique</strong></span> <span class='ocrx_word' id='word_1_67' title='bbox 2442 1153 2688 1234; x_wconf 82' lang='lat' dir='ltr'><strong>pietate</strong></span> 
     </span>
     <span class='ocr_line' id='line_1_9' title="bbox 493 1255 2687 1338; baseline 0 -20"><span class='ocrx_word' id='word_1_68' title='bbox 493 1255 864 1335; x_wconf 79' lang='lat' dir='ltr'><strong>gauderent,</strong></span> <span class='ocrx_word' id='word_1_69' title='bbox 893 1257 1174 1320; x_wconf 88' lang='lat' dir='ltr'><strong>lectores</strong></span> <span class='ocrx_word' id='word_1_70' title='bbox 1198 1275 1379 1333; x_wconf 79' lang='lat' dir='ltr'><strong>vero,</strong></span> <span class='ocrx_word' id='word_1_71' title='bbox 1410 1274 1696 1338; x_wconf 91' lang='lat' dir='ltr'><strong>quorum</strong></span> <span class='ocrx_word' id='word_1_72' title='bbox 1724 1255 1896 1319; x_wconf 86' lang='lat' dir='ltr'><strong>ratio</strong></span> <span class='ocrx_word' id='word_1_73' title='bbox 1924 1255 2264 1338; x_wconf 77' lang='lat' dir='ltr'><strong>praecipue</strong></span> <span class='ocrx_word' id='word_1_74' title='bbox 2304 1255 2687 1333; x_wconf 82' lang='lat' dir='ltr'><strong>habita-est,</strong></span> 
     </span>
     <span class='ocr_line' id='line_1_10' title="bbox 487 1356 1524 1440; baseline 0.003 -20"><span class='ocrx_word' id='word_1_75' title='bbox 487 1356 793 1420; x_wconf 87' lang='lat' dir='ltr'><strong>lectionis</strong></span> <span class='ocrx_word' id='word_1_76' title='bbox 819 1356 1101 1422; x_wconf 77' lang='lat' dir='ltr'><strong>fructum</strong></span> <span class='ocrx_word' id='word_1_77' title='bbox 1132 1359 1524 1440; x_wconf 86' lang='lat' dir='ltr'><strong>colligerent.</strong></span> 
     </span>
    </p>

    <p class='ocr_par' dir='ltr' id='par_1_3' title="bbox 486 1457 2707 4299">
     <span class='ocr_line' id='line_1_11' title="bbox 577 1457 2687 1544; baseline 0 -24"><span class='ocrx_word' id='word_1_78' title='bbox 577 1457 817 1541; x_wconf 88' lang='lat' dir='ltr'><strong>Neque</strong></span> <span class='ocrx_word' id='word_1_79' title='bbox 838 1479 1061 1524; x_wconf 89' lang='lat' dir='ltr'><strong>eorum</strong></span> <span class='ocrx_word' id='word_1_80' title='bbox 1079 1461 1305 1544; x_wconf 89' lang='lat' dir='ltr'><strong>opinio</strong></span> <span class='ocrx_word' id='word_1_81' title='bbox 1328 1460 1488 1523; x_wconf 90' lang='lat' dir='ltr'><strong>mihi</strong></span> <span class='ocrx_word' id='word_1_82' title='bbox 1511 1460 1844 1541; x_wconf 82' lang='lat' dir='ltr'><strong>probatur,</strong></span> <span class='ocrx_word' id='word_1_83' title='bbox 1864 1459 1980 1541; x_wconf 93' lang='lat' dir='ltr'><strong>qui</strong></span> <span class='ocrx_word' id='word_1_84' title='bbox 1999 1457 2367 1541; x_wconf 82' lang='lat' dir='ltr'><strong>perhibent,¹</strong></span> <span class='ocrx_word' id='word_1_85' title='bbox 2382 1457 2687 1521; x_wconf 81' lang='lat' dir='ltr'><strong>Persium</strong></span> 
     </span>
     <span class='ocr_line' id='line_1_12' title="bbox 486 1559 2684 1645; baseline 0 -23"><span class='ocrx_word' id='word_1_86' title='bbox 486 1578 636 1622; x_wconf 89' lang='lat' dir='ltr'><strong>eum</strong></span> <span class='ocrx_word' id='word_1_87' title='bbox 652 1580 863 1625; x_wconf 88' lang='lat' dir='ltr'><strong>rerum</strong></span> <span class='ocrx_word' id='word_1_88' title='bbox 879 1562 1167 1627; x_wconf 82' lang='lat' dir='ltr'><strong>ordinem</strong></span> <span class='ocrx_word' id='word_1_89' title='bbox 1186 1563 1256 1625; x_wconf 92' lang='lat' dir='ltr'><strong>in</strong></span> <span class='ocrx_word' id='word_1_90' title='bbox 1278 1564 1499 1625; x_wconf 88' lang='lat' dir='ltr'><strong>satiris</strong></span> <span class='ocrx_word' id='word_1_91' title='bbox 1520 1580 1800 1639; x_wconf 85' lang='lat' dir='ltr'><strong>servare,</strong></span> <span class='ocrx_word' id='word_1_92' title='bbox 1821 1580 2015 1645; x_wconf 89' lang='lat' dir='ltr'><strong>quem</strong></span> <span class='ocrx_word' id='word_1_93' title='bbox 2038 1559 2419 1624; x_wconf 80' lang='lat' dir='ltr'><strong>dialectices</strong></span> <span class='ocrx_word' id='word_1_94' title='bbox 2440 1559 2684 1641; x_wconf 65' lang='lat' dir='ltr'><strong>regulae</strong></span> 
     </span>
     <span class='ocr_line' id='line_1_13' title="bbox 490 1663 2707 1747; baseline 0 -22"><span class='ocrx_word' id='word_1_95' title='bbox 490 1665 942 1745; x_wconf 72' lang='lat' dir='ltr'><strong>praescribant.</strong></span> <span class='ocrx_word' id='word_1_96' title='bbox 1032 1664 1314 1729; x_wconf 86' lang='lat' dir='ltr'><strong>Videtur</strong></span> <span class='ocrx_word' id='word_1_97' title='bbox 1336 1665 1563 1747; x_wconf 87' lang='lat' dir='ltr'><strong>potius</strong></span> <span class='ocrx_word' id='word_1_98' title='bbox 1583 1663 1651 1727; x_wconf 92' lang='lat' dir='ltr'><strong>in</strong></span> <span class='ocrx_word' id='word_1_99' title='bbox 1669 1664 1794 1728; x_wconf 89' lang='lat' dir='ltr'><strong>hac</strong></span> <span class='ocrx_word' id='word_1_100' title='bbox 1818 1684 1889 1727; x_wconf 91' lang='lat' dir='ltr'><strong>re</strong></span> <span class='ocrx_word' id='word_1_101' title='bbox 1913 1663 2351 1746; x_wconf 87' lang='lat' dir='ltr'><strong>philosophus</strong></span> <span class='ocrx_word' id='word_1_102' title='bbox 2373 1682 2503 1726; x_wconf 90' lang='lat' dir='ltr'><strong>non</strong></span> <span class='ocrx_word' id='word_1_103' title='bbox 2520 1663 2707 1726; x_wconf 79' lang='lat' dir='ltr'><strong>satis·</strong></span> 
     </span>
     <span class='ocr_line' id='line_1_14' title="bbox 491 1765 2690 1850; baseline 0 -23"><span class='ocrx_word' id='word_1_104' title='bbox 491 1772 845 1828; x_wconf 87' lang='lat' dir='ltr'><strong>accuratus</strong></span> <span class='ocrx_word' id='word_1_105' title='bbox 889 1772 959 1829; x_wconf 87' lang='lat' dir='ltr'><strong>et</strong></span> <span class='ocrx_word' id='word_1_106' title='bbox 1003 1767 1287 1845; x_wconf 87' lang='lat' dir='ltr'><strong>subtilis,</strong></span> <span class='ocrx_word' id='word_1_107' title='bbox 1331 1767 1665 1849; x_wconf 87' lang='lat' dir='ltr'><strong>simulque</strong></span> <span class='ocrx_word' id='word_1_108' title='bbox 1693 1766 1898 1850; x_wconf 72' lang='lat' dir='ltr'><strong>poeta</strong></span> <span class='ocrx_word' id='word_1_109' title='bbox 1935 1784 2065 1829; x_wconf 91' lang='lat' dir='ltr'><strong>non</strong></span> <span class='ocrx_word' id='word_1_110' title='bbox 2109 1766 2276 1829; x_wconf 86' lang='lat' dir='ltr'><strong>satis</strong></span> <span class='ocrx_word' id='word_1_111' title='bbox 2316 1765 2576 1828; x_wconf 87' lang='lat' dir='ltr'><strong>solutus</strong></span> <span class='ocrx_word' id='word_1_112' title='bbox 2606 1783 2690 1828; x_wconf 78' lang='lat' dir='ltr'><strong>ac</strong></span> 
     </span>
     <span class='ocr_line' id='line_1_15' title="bbox 489 1865 2692 1951; baseline 0 -22"><span class='ocrx_word' id='word_1_113' title='bbox 489 1865 675 1929; x_wconf 88' lang='lat' dir='ltr'><strong>liber.</strong></span> <span class='ocrx_word' id='word_1_114' title='bbox 765 1867 1238 1951; x_wconf 81' lang='lat' dir='ltr'><strong>Unusquisque</strong></span> <span class='ocrx_word' id='word_1_115' title='bbox 1266 1869 1508 1946; x_wconf 87' lang='lat' dir='ltr'><strong>statim,</strong></span> <span class='ocrx_word' id='word_1_116' title='bbox 1540 1887 1958 1950; x_wconf 90' lang='lat' dir='ltr'><strong>quacumque</strong></span> <span class='ocrx_word' id='word_1_117' title='bbox 1984 1867 2190 1930; x_wconf 88' lang='lat' dir='ltr'><strong>satira</strong></span> <span class='ocrx_word' id='word_1_118' title='bbox 2210 1867 2519 1948; x_wconf 86' lang='lat' dir='ltr'><strong>perlecta,</strong></span> <span class='ocrx_word' id='word_1_119' title='bbox 2543 1865 2692 1929; x_wconf 84' lang='lat' dir='ltr'><strong>ani·</strong></span> 
     </span>
     <span class='ocr_line' id='line_1_16' title="bbox 491 1966 2688 2048; baseline 0.001 -19"><span class='ocrx_word' id='word_1_120' title='bbox 491 1966 914 2032; x_wconf 86' lang='lat' dir='ltr'><strong>madverterit</strong></span> <span class='ocrx_word' id='word_1_121' title='bbox 938 1987 1206 2032; x_wconf 87' lang='lat' dir='ltr'><strong>necesse</strong></span> <span class='ocrx_word' id='word_1_122' title='bbox 1228 1975 1352 2045; x_wconf 88' lang='lat' dir='ltr'><strong>est,</strong></span> <span class='ocrx_word' id='word_1_123' title='bbox 1375 1968 1677 2032; x_wconf 87' lang='lat' dir='ltr'><strong>Persium</strong></span> <span class='ocrx_word' id='word_1_124' title='bbox 1693 1988 1822 2033; x_wconf 90' lang='lat' dir='ltr'><strong>non</strong></span> <span class='ocrx_word' id='word_1_125' title='bbox 1840 1987 1971 2033; x_wconf 90' lang='lat' dir='ltr'><strong>uno</strong></span> <span class='ocrx_word' id='word_1_126' title='bbox 1990 1975 2216 2033; x_wconf 88' lang='lat' dir='ltr'><strong>tenore</strong></span> <span class='ocrx_word' id='word_1_127' title='bbox 2236 1974 2688 2048; x_wconf 82' lang='lat' dir='ltr'><strong>argumentum</strong></span> 
     </span>
     <span class='ocr_line' id='line_1_17' title="bbox 491 2069 2689 2152; baseline 0 -20"><span class='ocrx_word' id='word_1_128' title='bbox 491 2069 894 2148; x_wconf 83' lang='lat' dir='ltr'><strong>detexuisse‚</strong></span> <span class='ocrx_word' id='word_1_129' title='bbox 945 2070 1062 2134; x_wconf 90' lang='lat' dir='ltr'><strong>sed</strong></span> <span class='ocrx_word' id='word_1_130' title='bbox 1108 2073 1178 2134; x_wconf 92' lang='lat' dir='ltr'><strong>in</strong></span> <span class='ocrx_word' id='word_1_131' title='bbox 1214 2071 1488 2152; x_wconf 84' lang='lat' dir='ltr'><strong>singulis</strong></span> <span class='ocrx_word' id='word_1_132' title='bbox 1514 2071 1817 2152; x_wconf 89' lang='lat' dir='ltr'><strong>partibus</strong></span> <span class='ocrx_word' id='word_1_133' title='bbox 1845 2071 2247 2146; x_wconf 78' lang='lat' dir='ltr'><strong>elaborasse,</strong></span> <span class='ocrx_word' id='word_1_134' title='bbox 2277 2075 2469 2152; x_wconf 87' lang='lat' dir='ltr'><strong>prout</strong></span> <span class='ocrx_word' id='word_1_135' title='bbox 2497 2087 2689 2152; x_wconf 80' lang='lat' dir='ltr'><strong>quae-</strong></span> 
     </span>
     <span class='ocr_line' id='line_1_18' title="bbox 492 2171 2689 2258; baseline -0.001 -20"><span class='ocrx_word' id='word_1_136' title='bbox 492 2194 621 2258; x_wconf 88' lang='lat' dir='ltr'><strong>que</strong></span> <span class='ocrx_word' id='word_1_137' title='bbox 669 2174 767 2237; x_wconf 93' lang='lat' dir='ltr'><strong>illi</strong></span> <span class='ocrx_word' id='word_1_138' title='bbox 813 2175 881 2237; x_wconf 93' lang='lat' dir='ltr'><strong>in</strong></span> <span class='ocrx_word' id='word_1_139' title='bbox 920 2181 1202 2250; x_wconf 84' lang='lat' dir='ltr'><strong>mentem</strong></span> <span class='ocrx_word' id='word_1_140' title='bbox 1230 2174 1498 2250; x_wconf 82' lang='lat' dir='ltr'><strong>venerit,</strong></span> <span class='ocrx_word' id='word_1_141' title='bbox 1536 2191 1783 2255; x_wconf 86' lang='lat' dir='ltr'><strong>easque</strong></span> <span class='ocrx_word' id='word_1_142' title='bbox 1811 2174 2068 2237; x_wconf 88' lang='lat' dir='ltr'><strong>curiose</strong></span> <span class='ocrx_word' id='word_1_143' title='bbox 2093 2172 2411 2237; x_wconf 83' lang='lat' dir='ltr'><strong>interdum</strong></span> <span class='ocrx_word' id='word_1_144' title='bbox 2442 2179 2509 2235; x_wconf 87' lang='lat' dir='ltr'><strong>et</strong></span> <span class='ocrx_word' id='word_1_145' title='bbox 2536 2171 2689 2235; x_wconf 90' lang='lat' dir='ltr'><strong>dili-</strong></span> 
     </span>
     <span class='ocr_line' id='line_1_19' title="bbox 492 2273 2691 2359; baseline -0.001 -20"><span class='ocrx_word' id='word_1_146' title='bbox 492 2284 712 2358; x_wconf 80' lang='lat' dir='ltr'><strong>genter</strong></span> <span class='ocrx_word' id='word_1_147' title='bbox 740 2277 837 2340; x_wconf 85' lang='lat' dir='ltr'><strong>ita</strong></span> <span class='ocrx_word' id='word_1_148' title='bbox 861 2276 1283 2359; x_wconf 82' lang='lat' dir='ltr'><strong>expolivisse,</strong></span> <span class='ocrx_word' id='word_1_149' title='bbox 1328 2281 1399 2338; x_wconf 89' lang='lat' dir='ltr'><strong>ut</strong></span> <span class='ocrx_word' id='word_1_150' title='bbox 1444 2275 1692 2358; x_wconf 87' lang='lat' dir='ltr'><strong>ubique</strong></span> <span class='ocrx_word' id='word_1_151' title='bbox 1728 2287 2023 2339; x_wconf 81' lang='lat' dir='ltr'><strong>ornatum</strong></span> <span class='ocrx_word' id='word_1_152' title='bbox 2053 2273 2272 2358; x_wconf 71' lang='lat' dir='ltr'><strong>poetae</strong></span> <span class='ocrx_word' id='word_1_153' title='bbox 2317 2274 2427 2337; x_wconf 88' lang='lat' dir='ltr'><strong>vel</strong></span> <span class='ocrx_word' id='word_1_154' title='bbox 2454 2274 2525 2336; x_wconf 93' lang='lat' dir='ltr'><strong>in</strong></span> <span class='ocrx_word' id='word_1_155' title='bbox 2550 2274 2691 2337; x_wconf 89' lang='lat' dir='ltr'><strong>sin-</strong></span> 
     </span>
     <span class='ocr_line' id='line_1_20' title="bbox 493 2376 2705 2463; baseline -0.002 -21"><span class='ocrx_word' id='word_1_156' title='bbox 493 2380 664 2463; x_wconf 77' lang='lat' dir='ltr'><strong>gulis</strong></span> <span class='ocrx_word' id='word_1_157' title='bbox 714 2380 934 2444; x_wconf 84' lang='lat' dir='ltr'><strong>verbis</strong></span> <span class='ocrx_word' id='word_1_158' title='bbox 985 2396 1330 2461; x_wconf 77' lang='lat' dir='ltr'><strong>agnoscaS‚</strong></span> <span class='ocrx_word' id='word_1_159' title='bbox 1387 2376 1618 2440; x_wconf 89' lang='lat' dir='ltr'><strong>deinde</strong></span> <span class='ocrx_word' id='word_1_160' title='bbox 1676 2396 1815 2454; x_wconf 81' lang='lat' dir='ltr'><strong>eaS,</strong></span> <span class='ocrx_word' id='word_1_161' title='bbox 1865 2376 2166 2460; x_wconf 88' lang='lat' dir='ltr'><strong>neglecta</strong></span> <span class='ocrx_word' id='word_1_162' title='bbox 2215 2382 2377 2452; x_wconf 89' lang='lat' dir='ltr'><strong>arte,</strong></span> <span class='ocrx_word' id='word_1_163' title='bbox 2432 2394 2586 2458; x_wconf 79' lang='lat' dir='ltr'><strong>quae</strong></span> <span class='ocrx_word' id='word_1_164' title='bbox 2619 2377 2705 2439; x_wconf 88' lang='lat' dir='ltr'><strong>in·</strong></span> 
     </span>
     <span class='ocr_line' id='line_1_21' title="bbox 493 2479 2691 2564; baseline -0.003 -18"><span class='ocrx_word' id='word_1_165' title='bbox 493 2484 924 2546; x_wconf 87' lang='lat' dir='ltr'><strong>commissura</strong></span> <span class='ocrx_word' id='word_1_166' title='bbox 980 2479 1263 2548; x_wconf 90' lang='lat' dir='ltr'><strong>celanda</strong></span> <span class='ocrx_word' id='word_1_167' title='bbox 1315 2481 1618 2557; x_wconf 89' lang='lat' dir='ltr'><strong>cernitur,</strong></span> <span class='ocrx_word' id='word_1_168' title='bbox 1675 2482 2157 2564; x_wconf 83' lang='lat' dir='ltr'><strong>composuisse,</strong></span> <span class='ocrx_word' id='word_1_169' title='bbox 2208 2484 2286 2542; x_wconf 88' lang='lat' dir='ltr'><strong>ut</strong></span> <span class='ocrx_word' id='word_1_170' title='bbox 2335 2479 2552 2561; x_wconf 89' lang='lat' dir='ltr'><strong>primo</strong></span> <span class='ocrx_word' id='word_1_171' title='bbox 2582 2496 2691 2540; x_wconf 86' lang='lat' dir='ltr'><strong>as-</strong></span> 
     </span>
     <span class='ocr_line' id='line_1_22' title="bbox 491 2576 2690 2666; baseline -0.003 -19"><span class='ocrx_word' id='word_1_172' title='bbox 491 2590 689 2666; x_wconf 88' lang='lat' dir='ltr'><strong>pectu</strong></span> <span class='ocrx_word' id='word_1_173' title='bbox 741 2587 940 2649; x_wconf 90' lang='lat' dir='ltr'><strong>totius</strong></span> <span class='ocrx_word' id='word_1_174' title='bbox 979 2585 1200 2666; x_wconf 89' lang='lat' dir='ltr'><strong>operis</strong></span> <span class='ocrx_word' id='word_1_175' title='bbox 1229 2589 1453 2666; x_wconf 89' lang='lat' dir='ltr'><strong>partes</strong></span> <span class='ocrx_word' id='word_1_176' title='bbox 1481 2590 1862 2666; x_wconf 82' lang='lat' dir='ltr'><strong>appareant.</strong></span> <span class='ocrx_word' id='word_1_177' title='bbox 1951 2576 2111 2659; x_wconf 79' lang='lat' dir='ltr'><strong>Qua</strong></span> <span class='ocrx_word' id='word_1_178' title='bbox 2153 2601 2239 2644; x_wconf 80' lang='lat' dir='ltr'><strong>ex</strong></span> <span class='ocrx_word' id='word_1_179' title='bbox 2267 2601 2339 2644; x_wconf 88' lang='lat' dir='ltr'><strong>re</strong></span> <span class='ocrx_word' id='word_1_180' title='bbox 2387 2580 2690 2661; x_wconf 77' lang='lat' dir='ltr'><strong>colligaS,</strong></span> 
     </span>
     <span class='ocr_line' id='line_1_23' title="bbox 492 2681 2692 2767; baseline -0.002 -18"><span class='ocrx_word' id='word_1_181' title='bbox 492 2687 888 2750; x_wconf 79' lang='lat' dir='ltr'><strong>inventionis</strong></span> <span class='ocrx_word' id='word_1_182' title='bbox 922 2687 1218 2750; x_wconf 70' lang='lat' dir='ltr'><strong>ubertate</strong></span> <span class='ocrx_word' id='word_1_183' title='bbox 1247 2703 1596 2767; x_wconf 84' lang='lat' dir='ltr'><strong>rerumque</strong></span> <span class='ocrx_word' id='word_1_184' title='bbox 1627 2685 1828 2767; x_wconf 83' lang='lat' dir='ltr'><strong>copia</strong></span> <span class='ocrx_word' id='word_1_185' title='bbox 1853 2685 2064 2765; x_wconf 86' lang='lat' dir='ltr'><strong>magis</strong></span> <span class='ocrx_word' id='word_1_186' title='bbox 2092 2683 2279 2746; x_wconf 90' lang='lat' dir='ltr'><strong>illum</strong></span> <span class='ocrx_word' id='word_1_187' title='bbox 2309 2681 2692 2745; x_wconf 85' lang='lat' dir='ltr'><strong>destitutum</strong></span> 
     </span>
     <span class='ocr_line' id='line_1_24' title="bbox 491 2783 2695 2871; baseline -0.003 -20"><span class='ocrx_word' id='word_1_188' title='bbox 491 2789 724 2864; x_wconf 77' lang='lat' dir='ltr'><strong>fuisse,</strong></span> <span class='ocrx_word' id='word_1_189' title='bbox 768 2809 965 2871; x_wconf 85' lang='lat' dir='ltr'><strong>quam</strong></span> <span class='ocrx_word' id='word_1_190' title='bbox 1011 2807 1224 2850; x_wconf 88' lang='lat' dir='ltr'><strong>rerum</strong></span> <span class='ocrx_word' id='word_1_191' title='bbox 1274 2787 1676 2867; x_wconf 85' lang='lat' dir='ltr'><strong>singularum</strong></span> <span class='ocrx_word' id='word_1_192' title='bbox 1720 2784 2043 2850; x_wconf 83' lang='lat' dir='ltr'><strong>tractandi</strong></span> <span class='ocrx_word' id='word_1_193' title='bbox 2094 2791 2254 2861; x_wconf 87' lang='lat' dir='ltr'><strong>arte,</strong></span> <span class='ocrx_word' id='word_1_194' title='bbox 2306 2803 2443 2867; x_wconf 87' lang='lat' dir='ltr'><strong>qua</strong></span> <span class='ocrx_word' id='word_1_195' title='bbox 2486 2783 2695 2865; x_wconf 83' lang='lat' dir='ltr'><strong>probe</strong></span> 
     </span>
     <span class='ocr_line' id='line_1_25' title="bbox 491 2885 2692 2969; baseline -0.003 -16"><span class='ocrx_word' id='word_1_196' title='bbox 491 2889 852 2955; x_wconf 86' lang='lat' dir='ltr'><strong>instructus</strong></span> <span class='ocrx_word' id='word_1_197' title='bbox 882 2889 1452 2969; x_wconf 84' lang='lat' dir='ltr'><strong>grammaticorum</strong></span> <span class='ocrx_word' id='word_1_198' title='bbox 1479 2893 1549 2951; x_wconf 88' lang='lat' dir='ltr'><strong>et</strong></span> <span class='ocrx_word' id='word_1_199' title='bbox 1576 2889 1899 2952; x_wconf 88' lang='lat' dir='ltr'><strong>rhetorum</strong></span> <span class='ocrx_word' id='word_1_200' title='bbox 1927 2887 2195 2951; x_wconf 88' lang='lat' dir='ltr'><strong>scholas</strong></span> <span class='ocrx_word' id='word_1_201' title='bbox 2216 2887 2560 2969; x_wconf 87' lang='lat' dir='ltr'><strong>reliquisse</strong></span> <span class='ocrx_word' id='word_1_202' title='bbox 2590 2885 2692 2948; x_wconf 77' lang='lat' dir='ltr'><strong>vi-</strong></span> 
     </span>
     <span class='ocr_line' id='line_1_26' title="bbox 494 2989 2693 3073; baseline -0.001 -21"><span class='ocrx_word' id='word_1_203' title='bbox 494 2989 703 3055; x_wconf 91' lang='lat' dir='ltr'><strong>detur.</strong></span> <span class='ocrx_word' id='word_1_204' title='bbox 783 2990 1093 3053; x_wconf 71' lang='lat' dir='ltr'><strong>Poetices</strong></span> <span class='ocrx_word' id='word_1_205' title='bbox 1140 3008 1337 3073; x_wconf 90' lang='lat' dir='ltr'><strong>porro</strong></span> <span class='ocrx_word' id='word_1_206' title='bbox 1381 2989 1555 3053; x_wconf 89' lang='lat' dir='ltr'><strong>ratio</strong></span> <span class='ocrx_word' id='word_1_207' title='bbox 1600 2990 1923 3071; x_wconf 86' lang='lat' dir='ltr'><strong>postulat,</strong></span> <span class='ocrx_word' id='word_1_208' title='bbox 1973 2994 2047 3052; x_wconf 90' lang='lat' dir='ltr'><strong>ut</strong></span> <span class='ocrx_word' id='word_1_209' title='bbox 2090 3008 2217 3067; x_wconf 79' lang='lat' dir='ltr'><strong>reS,</strong></span> <span class='ocrx_word' id='word_1_210' title='bbox 2268 3007 2435 3070; x_wconf 86' lang='lat' dir='ltr'><strong>quas</strong></span> <span class='ocrx_word' id='word_1_211' title='bbox 2473 2993 2693 3050; x_wconf 90' lang='lat' dir='ltr'><strong>mente</strong></span> 
     </span>
     <span class='ocr_line' id='line_1_27' title="bbox 492 3091 2695 3171; baseline -0 -17"><span class='ocrx_word' id='word_1_212' title='bbox 492 3096 741 3155; x_wconf 87' lang='lat' dir='ltr'><strong>tantum</strong></span> <span class='ocrx_word' id='word_1_213' title='bbox 771 3099 834 3155; x_wconf 90' lang='lat' dir='ltr'><strong>et</strong></span> <span class='ocrx_word' id='word_1_214' title='bbox 857 3092 1112 3155; x_wconf 87' lang='lat' dir='ltr'><strong>ratione</strong></span> <span class='ocrx_word' id='word_1_215' title='bbox 1141 3091 1462 3171; x_wconf 82' lang='lat' dir='ltr'><strong>videmus,</strong></span> <span class='ocrx_word' id='word_1_216' title='bbox 1509 3092 1606 3154; x_wconf 88' lang='lat' dir='ltr'><strong>ita</strong></span> <span class='ocrx_word' id='word_1_217' title='bbox 1649 3096 2005 3155; x_wconf 87' lang='lat' dir='ltr'><strong>tractentur</strong></span> <span class='ocrx_word' id='word_1_218' title='bbox 2045 3096 2111 3153; x_wconf 92' lang='lat' dir='ltr'><strong>et</strong></span> <span class='ocrx_word' id='word_1_219' title='bbox 2148 3095 2586 3171; x_wconf 84' lang='lat' dir='ltr'><strong>exponantur,</strong></span> <span class='ocrx_word' id='word_1_220' title='bbox 2617 3096 2695 3153; x_wconf 88' lang='lat' dir='ltr'><strong>ut</strong></span> 
     </span>
     <span class='ocr_line' id='line_1_28' title="bbox 494 3191 2692 3275; baseline -0.001 -19"><span class='ocrx_word' id='word_1_221' title='bbox 494 3193 718 3256; x_wconf 91' lang='lat' dir='ltr'><strong>omnia</strong></span> <span class='ocrx_word' id='word_1_222' title='bbox 767 3193 1112 3256; x_wconf 76' lang='lat' dir='ltr'><strong>videantur</strong></span> <span class='ocrx_word' id='word_1_223' title='bbox 1160 3195 1226 3257; x_wconf 92' lang='lat' dir='ltr'><strong>in</strong></span> <span class='ocrx_word' id='word_1_224' title='bbox 1273 3211 1353 3257; x_wconf 90' lang='lat' dir='ltr'><strong>ea</strong></span> <span class='ocrx_word' id='word_1_225' title='bbox 1393 3212 1540 3255; x_wconf 87' lang='lat' dir='ltr'><strong>esse</strong></span> <span class='ocrx_word' id='word_1_226' title='bbox 1588 3199 1864 3270; x_wconf 87' lang='lat' dir='ltr'><strong>mutata,</strong></span> <span class='ocrx_word' id='word_1_227' title='bbox 1913 3212 2066 3275; x_wconf 76' lang='lat' dir='ltr'><strong>quae</strong></span> <span class='ocrx_word' id='word_1_228' title='bbox 2098 3191 2403 3255; x_wconf 87' lang='lat' dir='ltr'><strong>sensibus</strong></span> <span class='ocrx_word' id='word_1_229' title='bbox 2433 3191 2692 3273; x_wconf 88' lang='lat' dir='ltr'><strong>percipi</strong></span> 
     </span>
     <span class='ocr_line' id='line_1_29' title="bbox 493 3292 2691 3381; baseline -0.002 -22"><span class='ocrx_word' id='word_1_230' title='bbox 493 3297 777 3378; x_wconf 89' lang='lat' dir='ltr'><strong>possint.</strong></span> <span class='ocrx_word' id='word_1_231' title='bbox 866 3295 946 3359; x_wconf 91' lang='lat' dir='ltr'><strong>In</strong></span> <span class='ocrx_word' id='word_1_232' title='bbox 977 3315 1111 3379; x_wconf 91' lang='lat' dir='ltr'><strong>quo</strong></span> <span class='ocrx_word' id='word_1_233' title='bbox 1142 3315 1371 3377; x_wconf 85' lang='lat' dir='ltr'><strong>genere</strong></span> <span class='ocrx_word' id='word_1_234' title='bbox 1413 3293 1682 3381; x_wconf 81' lang='lat' dir='ltr'><strong>Persius</strong></span> <span class='ocrx_word' id='word_1_235' title='bbox 1729 3296 1814 3358; x_wconf 85' lang='lat' dir='ltr'><strong>ab</strong></span> <span class='ocrx_word' id='word_1_236' title='bbox 1861 3295 2148 3358; x_wconf 87' lang='lat' dir='ltr'><strong>Horatio</strong></span> <span class='ocrx_word' id='word_1_237' title='bbox 2184 3292 2376 3374; x_wconf 89' lang='lat' dir='ltr'><strong>longe</strong></span> <span class='ocrx_word' id='word_1_238' title='bbox 2419 3313 2462 3356; x_wconf 90' lang='lat' dir='ltr'><strong>a</strong></span> <span class='ocrx_word' id='word_1_239' title='bbox 2511 3299 2691 3377; x_wconf 83' lang='lat' dir='ltr'><strong>tergo</strong></span> 
     </span>
     <span class='ocr_line' id='line_1_30' title="bbox 491 3395 2693 3481; baseline -0.001 -21"><span class='ocrx_word' id='word_1_240' title='bbox 491 3397 909 3480; x_wconf 83' lang='lat' dir='ltr'><strong>relinquitur:</strong></span> <span class='ocrx_word' id='word_1_241' title='bbox 955 3398 1038 3461; x_wconf 90' lang='lat' dir='ltr'><strong>ad</strong></span> <span class='ocrx_word' id='word_1_242' title='bbox 1068 3418 1236 3481; x_wconf 90' lang='lat' dir='ltr'><strong>quos</strong></span> <span class='ocrx_word' id='word_1_243' title='bbox 1258 3398 1433 3461; x_wconf 87' lang='lat' dir='ltr'><strong>enim</strong></span> <span class='ocrx_word' id='word_1_244' title='bbox 1475 3398 1793 3480; x_wconf 69' lang='lat' dir='ltr'><strong>scopulos</strong></span> <span class='ocrx_word' id='word_1_245' title='bbox 1839 3397 1948 3461; x_wconf 91' lang='lat' dir='ltr'><strong>ille</strong></span> <span class='ocrx_word' id='word_1_246' title='bbox 1991 3402 2230 3460; x_wconf 89' lang='lat' dir='ltr'><strong>temere</strong></span> <span class='ocrx_word' id='word_1_247' title='bbox 2271 3395 2693 3479; x_wconf 79' lang='lat' dir='ltr'><strong>naufragium</strong></span> 
     </span>
     <span class='ocr_line' id='line_1_31' title="bbox 494 3497 2692 3583; baseline -0.001 -21"><span class='ocrx_word' id='word_1_248' title='bbox 494 3518 679 3583; x_wconf 82' lang='lat' dir='ltr'><strong>saepe</strong></span> <span class='ocrx_word' id='word_1_249' title='bbox 707 3500 883 3578; x_wconf 82' lang='lat' dir='ltr'><strong>fecit,</strong></span> <span class='ocrx_word' id='word_1_250' title='bbox 935 3520 1053 3564; x_wconf 87' lang='lat' dir='ltr'><strong>eos</strong></span> <span class='ocrx_word' id='word_1_251' title='bbox 1080 3500 1375 3583; x_wconf 85' lang='lat' dir='ltr'><strong>prudenti</strong></span> <span class='ocrx_word' id='word_1_252' title='bbox 1409 3500 1695 3563; x_wconf 88' lang='lat' dir='ltr'><strong>consilio</strong></span> <span class='ocrx_word' id='word_1_253' title='bbox 1723 3498 1832 3562; x_wconf 91' lang='lat' dir='ltr'><strong>hic</strong></span> <span class='ocrx_word' id='word_1_254' title='bbox 1861 3512 2123 3581; x_wconf 85' lang='lat' dir='ltr'><strong>semper</strong></span> <span class='ocrx_word' id='word_1_255' title='bbox 2163 3499 2459 3563; x_wconf 86' lang='lat' dir='ltr'><strong>evitavit.</strong></span> <span class='ocrx_word' id='word_1_256' title='bbox 2550 3497 2692 3560; x_wconf 89' lang='lat' dir='ltr'><strong>Ob-</strong></span> 
     </span>
     <span class='ocr_line' id='line_1_32' title="bbox 492 3600 2692 3685; baseline 0 -22"><span class='ocrx_word' id='word_1_257' title='bbox 492 3600 651 3664; x_wconf 89' lang='lat' dir='ltr'><strong>litus</strong></span> <span class='ocrx_word' id='word_1_258' title='bbox 680 3609 779 3665; x_wconf 87' lang='lat' dir='ltr'><strong>est</strong></span> <span class='ocrx_word' id='word_1_259' title='bbox 808 3602 1105 3679; x_wconf 71' lang='lat' dir='ltr'><strong>PersiuS,</strong></span> <span class='ocrx_word' id='word_1_260' title='bbox 1133 3621 1248 3665; x_wconf 90' lang='lat' dir='ltr'><strong>eas</strong></span> <span class='ocrx_word' id='word_1_261' title='bbox 1278 3600 1721 3685; x_wconf 75' lang='lat' dir='ltr'><strong>philosophiae</strong></span> <span class='ocrx_word' id='word_1_262' title='bbox 1753 3606 1998 3684; x_wconf 79' lang='lat' dir='ltr'><strong>parteS,</strong></span> <span class='ocrx_word' id='word_1_263' title='bbox 2031 3620 2184 3685; x_wconf 81' lang='lat' dir='ltr'><strong>quae</strong></span> <span class='ocrx_word' id='word_1_264' title='bbox 2216 3601 2283 3663; x_wconf 88' lang='lat' dir='ltr'><strong>in</strong></span> <span class='ocrx_word' id='word_1_265' title='bbox 2314 3602 2508 3664; x_wconf 90' lang='lat' dir='ltr'><strong>rebus</strong></span> <span class='ocrx_word' id='word_1_266' title='bbox 2535 3620 2692 3664; x_wconf 89' lang='lat' dir='ltr'><strong>con·</strong></span> 
     </span>
     <span class='ocr_line' id='line_1_33' title="bbox 493 3703 2693 3787; baseline -0.001 -21"><span class='ocrx_word' id='word_1_267' title='bbox 493 3703 890 3785; x_wconf 83' lang='lat' dir='ltr'><strong>templandis</strong></span> <span class='ocrx_word' id='word_1_268' title='bbox 938 3705 1180 3787; x_wconf 82' lang='lat' dir='ltr'><strong>positae</strong></span> <span class='ocrx_word' id='word_1_269' title='bbox 1211 3712 1383 3781; x_wconf 81' lang='lat' dir='ltr'><strong>sunt,</strong></span> <span class='ocrx_word' id='word_1_270' title='bbox 1432 3722 1652 3785; x_wconf 89' lang='lat' dir='ltr'><strong>eaque</strong></span> <span class='ocrx_word' id='word_1_271' title='bbox 1697 3704 2035 3787; x_wconf 88' lang='lat' dir='ltr'><strong>principia</strong></span> <span class='ocrx_word' id='word_1_272' title='bbox 2061 3704 2417 3781; x_wconf 72' lang='lat' dir='ltr'><strong>recondita,</strong></span> <span class='ocrx_word' id='word_1_273' title='bbox 2447 3703 2693 3786; x_wconf 88' lang='lat' dir='ltr'><strong>quibus</strong></span> 
     </span>
     <span class='ocr_line' id='line_1_34' title="bbox 490 3804 2685 3889; baseline 0.001 -25"><span class='ocrx_word' id='word_1_274' title='bbox 490 3818 746 3867; x_wconf 88' lang='lat' dir='ltr'><strong>morum</strong></span> <span class='ocrx_word' id='word_1_275' title='bbox 770 3804 1123 3889; x_wconf 90' lang='lat' dir='ltr'><strong>disciplina</strong></span> <span class='ocrx_word' id='word_1_276' title='bbox 1144 3808 1394 3884; x_wconf 87' lang='lat' dir='ltr'><strong>nititur,</strong></span> <span class='ocrx_word' id='word_1_277' title='bbox 1407 3826 1537 3869; x_wconf 93' lang='lat' dir='ltr'><strong>non</strong></span> <span class='ocrx_word' id='word_1_278' title='bbox 1555 3825 1698 3868; x_wconf 91' lang='lat' dir='ltr'><strong>esse</strong></span> <span class='ocrx_word' id='word_1_279' title='bbox 1716 3825 1820 3869; x_wconf 90' lang='lat' dir='ltr'><strong>res</strong></span> <span class='ocrx_word' id='word_1_280' title='bbox 1845 3806 2047 3887; x_wconf 86' lang='lat' dir='ltr'><strong>vulgi,</strong></span> <span class='ocrx_word' id='word_1_281' title='bbox 2066 3807 2490 3888; x_wconf 88' lang='lat' dir='ltr'><strong>ineptumque</strong></span> <span class='ocrx_word' id='word_1_282' title='bbox 2512 3823 2685 3881; x_wconf 90' lang='lat' dir='ltr'><strong>esse,</strong></span> 
     </span>
     <span class='ocr_line' id='line_1_35' title="bbox 489 3904 2686 3990; baseline 0.002 -24"><span class='ocrx_word' id='word_1_283' title='bbox 489 3904 971 3969; x_wconf 85' lang='lat' dir='ltr'><strong>multitudinem</strong></span> <span class='ocrx_word' id='word_1_284' title='bbox 1014 3909 1240 3971; x_wconf 86' lang='lat' dir='ltr'><strong>barum</strong></span> <span class='ocrx_word' id='word_1_285' title='bbox 1268 3928 1478 3972; x_wconf 88' lang='lat' dir='ltr'><strong>rerum</strong></span> <span class='ocrx_word' id='word_1_286' title='bbox 1501 3906 1804 3990; x_wconf 87' lang='lat' dir='ltr'><strong>judicem</strong></span> <span class='ocrx_word' id='word_1_287' title='bbox 1836 3909 2251 3983; x_wconf 84' lang='lat' dir='ltr'><strong>constituere,</strong></span> <span class='ocrx_word' id='word_1_288' title='bbox 2300 3927 2524 3970; x_wconf 84' lang='lat' dir='ltr'><strong>coram</strong></span> <span class='ocrx_word' id='word_1_289' title='bbox 2552 3927 2686 3989; x_wconf 92' lang='lat' dir='ltr'><strong>quo</strong></span> 
     </span>
     <span class='ocr_line' id='line_1_36' title="bbox 489 4005 2694 4092; baseline 0.001 -23"><span class='ocrx_word' id='word_1_290' title='bbox 489 4005 869 4089; x_wconf 87' lang='lat' dir='ltr'><strong>philosophi</strong></span> <span class='ocrx_word' id='word_1_291' title='bbox 896 4027 1166 4072; x_wconf 87' lang='lat' dir='ltr'><strong>causam</strong></span> <span class='ocrx_word' id='word_1_292' title='bbox 1197 4029 1385 4072; x_wconf 89' lang='lat' dir='ltr'><strong>suam</strong></span> <span class='ocrx_word' id='word_1_293' title='bbox 1414 4016 1637 4091; x_wconf 83' lang='lat' dir='ltr'><strong>agant.</strong></span> <span class='ocrx_word' id='word_1_294' title='bbox 1726 4009 1991 4073; x_wconf 90' lang='lat' dir='ltr'><strong>Etenim</strong></span> <span class='ocrx_word' id='word_1_295' title='bbox 2041 4011 2111 4073; x_wconf 92' lang='lat' dir='ltr'><strong>in</strong></span> <span class='ocrx_word' id='word_1_296' title='bbox 2166 4006 2543 4092; x_wconf 87' lang='lat' dir='ltr'><strong>hujusmodi</strong></span> <span class='ocrx_word' id='word_1_297' title='bbox 2581 4010 2694 4091; x_wconf 88' lang='lat' dir='ltr'><strong>ju-</strong></span> 
     </span>
     <span class='ocr_line' id='line_1_37' title="bbox 494 4107 2691 4195; baseline 0 -24"><span class='ocrx_word' id='word_1_298' title='bbox 494 4107 674 4172; x_wconf 92' lang='lat' dir='ltr'><strong>dicio</strong></span> <span class='ocrx_word' id='word_1_299' title='bbox 701 4108 966 4174; x_wconf 83' lang='lat' dir='ltr'><strong>facilius</strong></span> <span class='ocrx_word' id='word_1_300' title='bbox 997 4130 1167 4188; x_wconf 89' lang='lat' dir='ltr'><strong>esse,</strong></span> <span class='ocrx_word' id='word_1_301' title='bbox 1209 4113 1356 4175; x_wconf 85' lang='lat' dir='ltr'><strong>illas</strong></span> <span class='ocrx_word' id='word_1_302' title='bbox 1381 4131 1485 4175; x_wconf 88' lang='lat' dir='ltr'><strong>res</strong></span> <span class='ocrx_word' id='word_1_303' title='bbox 1513 4113 1582 4175; x_wconf 91' lang='lat' dir='ltr'><strong>in</strong></span> <span class='ocrx_word' id='word_1_304' title='bbox 1609 4114 1811 4176; x_wconf 81' lang='lat' dir='ltr'><strong>ris‘um</strong></span> <span class='ocrx_word' id='word_1_305' title='bbox 1840 4118 1907 4175; x_wconf 90' lang='lat' dir='ltr'><strong>et</strong></span> <span class='ocrx_word' id='word_1_306' title='bbox 1934 4112 2163 4195; x_wconf 88' lang='lat' dir='ltr'><strong>jocum</strong></span> <span class='ocrx_word' id='word_1_307' title='bbox 2192 4118 2455 4186; x_wconf 76' lang='lat' dir='ltr'><strong>vertere,</strong></span> <span class='ocrx_word' id='word_1_308' title='bbox 2486 4127 2691 4192; x_wconf 89' lang='lat' dir='ltr'><strong>quam</strong></span> 
     </span>
     <span class='ocr_line' id='line_1_38' title="bbox 490 4202 2688 4299; baseline 0 -23"><span class='ocrx_word' id='word_1_309' title='bbox 490 4202 674 4296; x_wconf 80' lang='lat' dir='ltr'><strong>&#39;gravi</strong></span> <span class='ocrx_word' id='word_1_310' title='bbox 726 4210 1168 4299; x_wconf 83' lang='lat' dir='ltr'><strong>disputatione</strong></span> <span class='ocrx_word' id='word_1_311' title='bbox 1213 4233 1490 4280; x_wconf 90' lang='lat' dir='ltr'><strong>causam</strong></span> <span class='ocrx_word' id='word_1_312' title='bbox 1538 4214 1849 4295; x_wconf 84' lang='lat' dir='ltr'><strong>obtinere,</strong></span> <span class='ocrx_word' id='word_1_313' title='bbox 1903 4212 2231 4280; x_wconf 86' lang='lat' dir='ltr'><strong>Horatius</strong></span> <span class='ocrx_word' id='word_1_314' title='bbox 2275 4231 2407 4278; x_wconf 88' lang='lat' dir='ltr'><strong>uon</strong></span> <span class='ocrx_word' id='word_1_315' title='bbox 2449 4231 2582 4277; x_wconf 90' lang='lat' dir='ltr'><strong>uno</strong></span> <span class='ocrx_word' id='word_1_316' title='bbox 2622 4212 2688 4276; x_wconf 91' lang='lat' dir='ltr'><strong>in</strong></span> 
     </span>
    </p>
   </div>
  </div>
 </body>
</html>
