3050 4913
1171 374 1623 424 Juvnnsms.
2325 364 2496 432 1289

279 531 492 602 gerent.
580 523 726 591 Qua
768 520 991 580 ratione
1015 519 1118 580 etsi
1162 538 1371 599 parum
1414 520 1737 600 proficitur,
1782 522 1891 583 nisi
1934 530 2056 585 tum
2097 523 2176 582 ab
2206 522 2333 584 aliis
2365 524 2497 603 jam

284 621 469 680 omnia
497 620 650 678 satis
682 620 976 677 illustrata
1005 629 1162 689 sunt,
1204 617 1463 697 nihilque
1492 621 1853 698 praeteritum
1882 631 1995 692 est,
2039 622 2200 699 quod
2234 624 2367 701 luce
2394 624 2503 684 ali-

284 738 394 796 qua
422 715 705 795 indigeat,
749 727 879 776 tum
907 716 1211 794 aptissima
1240 726 1470 778 tantum
1497 727 1561 777 et
1588 719 1795 778 ceteris
1832 720 2231 796 probabiliora
2259 721 2501 781 solerter

286 836 355 875 ex
381 815 445 874 iis
464 823 898 893 excerpuntur,
930 833 1042 872 non
1072 813 1281 873 mirum
1313 824 1507 874 tamen
1534 824 1648 885 est,
1678 834 1807 873 eam
1836 815 2029 874 multis
2054 815 2328 887 arrisisse,
2358 837 2499 878 cum

288 924 582 989 tantopere
609 912 947 970 blandiatur
973 921 1032 972 et
1061 910 1328 982 desidiae,
1357 923 1418 972 et
1447 912 1605 973 inani
1630 911 1802 971 famae
1823 912 2105 989 cupidini,
2137 933 2271 991 quae
2297 914 2497 975 alienis

284 1009 510 1086 gloriari
558 1008 733 1067 bonis
788 1008 1114 1086 alienisque
1156 1009 1361 1086 pennis
1408 1028 1471 1068 se
1512 1028 1797 1069 exornare
1842 1019 2019 1069 amnt.
2102 1010 2498 1087 cupidissime

285 1107 432 1165 illam
477 1125 607 1184 prae
649 1108 864 1165 ceteris
907 1107 1205 1186 arripuere
1235 1106 1462 1178 Batavi,
1514 1106 1616 1186 qui
1642 1106 1907 1175 eandem,
1954 1126 2057 1185 per
2086 1127 2147 1166 se
2185 1108 2311 1184 jam
2357 1109 2499 1169 satis

284 1205 662 1263 commodam
708 1223 781 1262 ac
826 1202 1081 1274 facilem,
1126 1205 1314 1263 multo
1343 1223 1584 1283 quoque
1627 1204 2049 1278 expeditiorem
2092 1203 2497 1280 reddiderunt,

285 1300 520 1361 invecto
541 1320 705 1359 more
728 1304 1056 1360 Auctorum
1078 1302 1447 1361 classicorum
1480 1303 1572 1362 vel
1595 1323 1726 1362 cum
1751 1303 2026 1362 omnibus
2048 1301 2166 1361 fere
2193 1302 2498 1365 variorum

284 1396 476 1468 Notis,
509 1399 600 1456 vel
632 1418 767 1456 cum
792 1397 1028 1475 integris
1050 1397 1300 1457 virorum
1324 1398 1633 1459 doctorum
1657 1400 2091 1459 commentariis
2112 1400 2496 1463 edendorum.

286 1494 447 1554 illam
480 1495 770 1553 rationem
810 1504 1047 1554 secutus
1078 1506 1167 1553 est
1209 1494 1577 1554 Schrevelius
1608 1494 1748 1555 inde
1789 1498 1867 1555 ab
1894 1514 1945 1556 a.
1987 1494 2163 1557 1648.
2192 1505 2499 1578 utramque

288 1612 421 1650 vero
480 1592 815 1650 Herminius
868 1610 927 1650 a.
992 1588 1166 1650 1685.
1215 1591 1631 1670 compilatores
1682 1592 1852 1652 nimis
1905 1592 2115 1664 seduli,
2174 1613 2246 1653 ne
2302 1594 2497 1655 dicam

286 1689 487 1768 inepti,
538 1689 597 1748 in
629 1709 878 1767 quorum
910 1686 1289 1757 editionibus,
1320 1707 1455 1766 quae
1483 1689 1804 1765 superiores
1833 1690 2175 1767 interpretes
2202 1690 2277 1750 ad
2305 1693 2500 1770 siugu-

289 1789 369 1847 las
397 1807 576 1847 voces
615 1790 1049 1862 sententiasque
1092 1785 1469 1845 illustrandas
1509 1784 1984 1856 observaverant,
2033 1785 2208 1845 etiam
2252 1789 2502 1850 maxime

286 1885 490 1954 aliena,
538 1895 769 1963 arguta,
814 1884 1094 1963 vulgaria,
1144 1892 1203 1943 et
1246 1882 1530 1954 absurda,
1580 1901 1771 1960 neque
1813 1883 2009 1955 semel,
2056 1883 2158 1943 sed
2209 1884 2422 1962 saepius
2469 1907 2505 1947 a

288 1981 559 2061 pluribus
601 1981 912 2059 verbisque
940 1991 1167 2041 tantum
1208 1981 1333 2040 aliis
1373 1989 1595 2053 notata,
1637 1980 1760 2040 sine
1803 1980 1925 2040 ullo
1967 1981 2140 2041 animi
2167 1980 2405 2057 judicio
2432 2002 2503 2046 ac

289 2079 521 2139 delectu
579 2078 879 2139 cumulata
933 2087 1110 2157 atque
1165 2087 1443 2157 congesta
1494 2087 1653 2152 sunt,
1718 2078 1938 2157 quibus
1991 2078 2181 2139 lector
2232 2089 2507 2140 oneratur

290 2177 489 2253 iungis,
520 2196 699 2255 quam
726 2175 1066 2253 adjuvatur.

367 2273 612 2332 Saecnlo
643 2272 897 2350 denique
928 2288 1140 2333 xvut.
1187 2293 1303 2333 non
1333 2293 1519 2334 novos
1545 2279 1727 2353 potita
1770 2282 1982 2333 nactus
2010 2282 2100 2333 est
2138 2272 2504 2351 interpretes,

290 2379 501 2447 preter
547 2370 959 2439 Marsballum,
998 2368 1212 2445 (lond.
1261 2371 1464 2444 1723.)
1506 2369 1610 2449 qui
1655 2379 1878 2428 tantum
1928 2388 2044 2428 non
2088 2369 2288 2429 omnia
2327 2368 2509 2430 debet

292 2468 547 2539 Lubino,
577 2478 640 2528 et
668 2468 960 2549 quosdam
989 2468 1248 2529 eruditos
1278 2469 1523 2546 Anglos,
1555 2469 1755 2541 Italos,
1781 2477 1842 2527 et
1862 2469 2212 2539 Germanos,
2244 2467 2348 2545 qui
2378 2487 2507 2528 ver-

294 2565 557 2626 sionibus
586 2567 710 2627 suis
736 2567 1144 2627 annotationes
1176 2565 1579 2644 subjecerunt,
1610 2565 1667 2624 in
1699 2564 1917 2644 quibus
1947 2563 2127 2623 multa
2156 2563 2393 2641 quidem
2416 2566 2510 2623 in-

296 2674 428 2722 sunt
457 2664 640 2736 bona,
670 2664 773 2724 sed
804 2683 938 2743 quae
966 2683 1083 2724 non
1112 2663 1388 2744 pmnibus
1413 2662 1696 2722 lectorum
1726 2661 2031 2723 desideriis
2059 2660 2200 2721 satis
2229 2659 2479 2721 faciunt.

365 2763 505 2821 Jam
537 2760 587 2820 si
614 2761 834 2830 omnia,
880 2779 1016 2838 quae
1044 2780 1078 2820 a
1106 2760 1277 2820 nobis
1305 2768 1367 2819 et
1394 2759 1731 2838 singulatim
1771 2768 1832 2819 et
1861 2760 2128 2819 universe
2157 2758 2321 2819 dicta
2351 2768 2505 2830 sunt,

296 2857 621 2936 collegeris,
644 2855 819 2916 facile
848 2856 1210 2935 intelligitur,
1241 2875 1417 2934 quam
1448 2875 1657 2935 parum
1677 2856 1875 2916 adhuc
1895 2856 2187 2916 editorum
2210 2856 2509 2917 Iuvenalis

296 2955 482 3015 stnd'm
514 2967 642 3015 tum
670 2955 727 3013 in
752 2950 1215 3013 emendationem
1245 2961 1576 3023 contextus,
1606 2964 1732 3013 tum
1761 2954 1818 3013 in
1849 2973 2136 3013 summam
2166 2954 2511 3032 interpreta-

298 3053 464 3112 tionis
508 3050 895 3130 profecerint,
942 3059 1002 3111 et
1041 3069 1219 3129 quam
1264 3068 1400 3108 vere
1442 3048 1656 3109 dixerit
1687 3050 2028 3111 Fabricius:
2071 3050 2154 3127 (in
2184 3050 2337 3111 Bibl.
2381 3051 2510 3110 Lat.

295 3150 366 3211 Τ.
396 3166 479 3210 ιι.
529 3169 594 3228 p.
627 3147 768 3210 362.
816 3147 960 3208 edit.
1003 3149 1228 3207 Ernest.
1280 3145 1443 3225 Lips.
1487 3149 1691 3217 1773.)
1773 3151 1792 3181 ‘
1817 3143 1967 3207 Cum
2010 3146 2289 3207 Henninii
2330 3146 2511 3207 editio

297 3249 367 3307 sit
391 3247 569 3308 nimis
611 3256 856 3307 onerata
883 3247 1058 3317 notis,
1106 3266 1218 3306 nec
1243 3245 1321 3306 ad
1355 3263 1521 3304 usum
1565 3244 1703 3304 satis
1744 3253 1904 3323 apta,
1952 3263 2090 3304 cum
2132 3244 2283 3304 adeo
2312 3244 2511 3304 multis

294 3345 435 3404 locis
465 3346 548 3404 sit
573 3344 984 3423 querendum,
1024 3343 1070 3403 si
1103 3344 1253 3404 scire
1280 3344 1662 3421 interpretum
1693 3349 2011 3403 sententias
2036 3341 2199 3413 velis,
2243 3340 2513 3400 omnino-

297 3463 407 3521 que
450 3443 720 3502 nondum
763 3440 1126 3501 satisfactum
1168 3440 1245 3500 sit
1284 3441 1343 3499 in
1388 3441 1504 3500 hoc
1535 3438 1853 3514 scriptore:
1896 3436 2219 3516 optandum
2258 3435 2508 3505 videtur,

300 3551 358 3598 ut
384 3539 605 3615 aliquis
637 3539 727 3597 vir
751 3537 992 3608 doctus,
1034 3547 1160 3597 tum
1190 3537 1372 3597 literis
1403 3536 1626 3595 Latinis
1664 3534 1891 3613 egregie
1919 3534 2256 3601 instructus,
2300 3542 2425 3589 tum
2454 3531 2511 3589 in

298 3637 560 3697 satiricis
603 3634 993 3713 scriptoribus
1036 3633 1469 3713 cognoscendis
1496 3634 1689 3704 tritus,
1740 3630 2023 3709 suscipiat
2051 3647 2260 3687 novam
2304 3626 2515 3686 editio-

296 3753 450 3805 nem,
497 3732 679 3793 etiam
710 3733 868 3792 mole
896 3733 1171 3792 minorem
1204 3731 1601 3801 Henniniana,
1646 3738 1710 3788 et
1734 3727 1813 3788 ad
1843 3746 1971 3787 eam
2011 3727 2162 3785 bene
2188 3724 2514 3788 curandam

293 3843 429 3891 ante
455 3830 663 3889 omnia
688 3829 874 3902 libros
903 3830 1148 3908 scriptos
1173 3837 1234 3889 et
1274 3830 1443 3890 editt.
1472 3826 1733 3888 excutiat
1760 3822 2065 3904 paulatim,
2109 3829 2178 3881 ut
2216 3822 2515 3882 materiam

295 3929 347 3986 ei
376 3928 652 3988 instituto
693 3936 900 4005 aptum
932 3927 1164 3998 habeat,
1207 3945 1316 4007 per
1341 3944 1520 4006 quam
1555 3922 1769 3984 deinde
1791 3930 1861 3982 et
1899 3937 2150 4001 purgare
2178 3920 2427 3992 Satires,
2457 3931 2518 3979 et

298 4021 587 4085 illustrare
615 4023 833 4084 deiude
860 4023 1087 4104 possit.'
