3050 4913
563 357 695 425 178

1328 371 1395 420 A.
1442 369 1694 420 Pnnsu
1744 367 2009 418 Fusco!

563 518 691 582 Dis
717 516 916 599 igitur
945 515 1272 600 genioque
1298 515 1492 582 ducis
1523 522 1791 583 centum
1816 513 2037 600 paria,
2062 513 2151 580 ob
2182 531 2290 578 res

559 619 841 704 Egregie
868 622 1113 702 gestae,
1143 617 1411 684 induco.

1500 617 1678 698 Quis
1704 618 1923 685 vetat?
1968 615 2162 682 aude.

548 789 745 850 propter
776 783 899 835 bella
925 784 1155 850 preclare
1185 784 1414 850 cometa,
1434 786 1570 836 edam
1606 788 1792 836 centum
1832 781 1975 847 paria
2011 778 2331 845 gladiatorium
2375 778 2680 845 Numinibus,
2713 786 2758 831 ee

1548 911 1767 964 No'rAE

551 1001 722 1061 collo!
807 987 1027 1055 Horum'
1062 1009 1121 1054 et
1158 1003 1391 1055 meminit
1432 1004 1610 1054 Cesar

549 1080 841 1131 Comment.
863 1078 955 1131 lib.
971 1093 1046 1130 ιν.
1071 1086 1125 1130 et
1139 1094 1193 1131 v.
1213 1080 1280 1131 de
1312 1080 1463 1131 Bello
1485 1081 1611 1132 Gal·

548 1156 683 1208 lieo:
717 1162 773 1206 et
793 1155 898 1207 alii.

613 1233 925 1297 Ingentesque
974 1233 1098 1283 locat
1138 1234 1353 1284 Coesonia
1398 1233 1610 1298 mass]

546 1306 772 1360 Accolas
845 1308 1033 1373 Rheni,
1092 1309 1302 1375 grandis
1377 1317 1612 1363 staturae.

543 1385 760 1436 Sueton.
803 1385 969 1449 Calig.
1006 1400 1123 1450 cap.
1165 1390 1246 1438 47.
1286 1386 1306 1416 6
1329 1386 1612 1437 Galliarum

545 1478 751 1529 quoque
794 1464 1203 1528 procerissimum
1232 1480 1505 1532 quemque,
1549 1482 1610 1517 ae

544 1540 821 1590 nonnullos
835 1554 865 1588 e
886 1538 1221 1604 Principibus
1239 1541 1366 1606 legit
1385 1556 1446 1592 ae
1463 1556 1611 1607 sepo·

542 1616 651 1666 suit
693 1616 761 1666 ad
804 1615 1080 1680 pompam!
1149 1616 1263 1667 Hos
1306 1633 1481 1668 omnes
1517 1619 1609 1668 tri-

541 1691 723 1757 umphi
762 1699 1049 1756 apparatus
1092 1692 1323 1758 disponit
1373 1694 1609 1745 Caesonia

540 1784 640 1835 per
677 1777 1060 1835 procuratores,
1102 1772 1187 1820 vel
1233 1770 1346 1835 ipsa
1362 1790 1377 1833 i
1410 1771 1605 1837 quippe

541 1863 659 1914 quae
696 1849 850 1899 bellis
887 1850 1044 1902 etiam
1089 1863 1203 1899 sese
1247 1849 1602 1899 immiscebat:

541 1937 819 1990 quamque,
843 1931 903 1975 ut
929 1924 1092 1976 refert
1124 1926 1342 1981 Sueten.
1379 1939 1497 1989 eap.
1521 1929 1603 1975 2⁶.

537 1999 553 2030 ‘
574 2000 812 2065 Caligula
843 2016 985 2066 sepe
1024 2001 1315 2066 chlamyde,
1337 2004 1601 2069 peltaque,

536 2082 595 2126 et
647 2076 797 2140 galea
836 2083 1067 2127 ornatam
1123 2084 1492 2143 armatamque,
1545 2084 1603 2129 et

525 2150 682 2215 juxta
724 2152 1108 2218 adequitantem
1145 2152 1397 2204 militibus
1427 2159 1601 2205 osten·

537 2225 736 2278 debat)

604 2304 845 2369 Caso-ia]
908 2306 1156 2371 Caligulas
1218 2321 1366 2369 uxor,
1412 2306 1598 2358 mulier

534 2464 708 2509 ratore
728 2456 1031 2510 constanter
1048 2461 1307 2524 adamata,
1327 2461 1413 2512 cui
1435 2462 1594 2512 etiam

531 2534 780 2598 philtrum
797 2536 1061 2587 miscuisse
1082 2543 1138 2587 et
1152 2537 1453 2603 propinasse
1473 2538 1602 2588 dici·

537 2617 643 2662 tur.
701 2612 856 2666 Quod
894 2613 1081 2664 scribit
1117 2614 1375 2679 Josepbus
1415 2615 1598 2681 Antiq.

532 2700 653 2739 xxx.
675 2695 733 2742 et
755 2690 968 2740 Sueten.
991 2702 1042 2741 c.
1061 2695 1144 2740 60.
1163 2691 1179 2721 6
1195 2690 1475 2754 Creditur,'
1515 2691 1593 2742 in,

528 2763 662 2828 quit,
703 2764 721 2791 6
746 2765 1042 2828 potionatus
1075 2781 1107 2816 a
1156 2767 1394 2818 cresonia
1426 2781 1591 2819 uxore

528 2839 780 2889 amatorio
818 2840 1027 2905 quidem
1055 2840 1453 2906 medicamento,
1496 2844 1590 2893 sed

528 2914 669 2979 quod
726 2915 779 2964 in
821 2914 1072 2967 frurorem
1114 2917 1366 2967 verterit!
1450 2921 1588 2971 Vide

523 2989 764 3041 Juvenal.
787 2992 899 3042 Sat.
925 3006 1006 3043 vr.
1034 3006 1109 3042 vs.
1129 2997 1246 3045 01⁰.
1280 2999 1336 3044 et
1355 2997 1469 3045 015.
1491 2995 1588 3047 ibi-

526 3079 628 3129 que
650 3074 882 3119 annotat.

590 3140 804 3207 Rhesos]
876 3144 1070 3196 Rhem
1112 3145 1300 3198 fluvius
1362 3149 1585 3214 Europa

522 3217 893 3271 celeberrimus
944 3223 1273 3274 Germaniam
1328 3241 1361 3274 a
1414 3226 1587 3277 Gallia

521 3302 749 3361 separat,
790 3296 905 3349 fluit
955 3315 987 3349 e
1042 3300 1293 3353 Rboeticis
1339 3302 1584 3368 Alpibus,

520 3372 660 3436 rigat
695 3373 970 3440 Alsatiam,
1001 3376 1372 3444 Palatinatum,
1414 3378 1582 3444 Agros

465 3502 468 3505 ,
521 3450 877 3511 Colonienses‚
901 3453 1191 3503 Bataviam.

520 3561 532 3574 .
580 3531 647 3578 48
679 3529 777 3578 Dis
793 3529 1094 3593 igim,s·e.]
1158 3530 1459 3596 Egoitaque
1476 3531 1583 3597 (alt

516 3602 726 3654 Persius
744 3606 810 3655 ad
832 3603 1118 3669 heredem)
1138 3606 1336 3657 laetitiae
1357 3606 1580 3671 publicae

518 3685 575 3729 et
624 3679 960 3744 Imperatoris
1007 3681 1261 3731 voluntati
1306 3682 1579 3749 indulgens

516 3769 620 3804 non
641 3771 850 3819 parcam
872 3756 1167 3808 sumtibusz.
1185 3757 1308 3822 (nec
1350 3767 1404 3808 tu
1443 3759 1580 3810 ausis

515 3832 704 3883 mutire
737 3833 963 3899 contra.)
1029 3835 1159 3898 Ego,
1194 3835 1422 3901 inquam,
1452 3836 1577 3886 Diis

513 3905 746 3958 victorie
759 3910 1055 3974 auspicibus
1070 3917 1228 3976 atque
1244 3912 1572 3974 auctoribus;

516 3983 755 4048 Genioque
795 3986 964 4048 Ducis,
1004 3986 1054 4036 id
1092 3993 1189 4049 est,
1233 3987 1570 4053 Imperatoris

514 4059 763 4123 Caligulae
787 4060 1109 4124 sacrificabo,
1125 4066 1225 4113 lte.

578 4135 824 4200 Genioque
876 4136 1031 4199 ducis]
1085 4137 1190 4186 Per
1225 4138 1446 4190 Genium
1488 4141 1570 4191 sui

511 4211 771 4279 Principis
790 4213 934 4278 quasi
968 4227 1063 4277 per
1082 4214 1288 4265 Numen
1316 4215 1572 4280 jurabant

1695 1000 1939 1057 Veteres:
1977 1015 2039 1051 ae
2058 1002 2103 1052 si
2121 1002 2233 1066 quis
2256 1000 2560 1066 peiemset,
2580 1016 2758 1065 poenas
2811 1030 2812 1033 =

1695 1078 1873 1129 dabat.
1954 1078 2110 1128 Unde
2146 1078 2519 1142 Tertullianus,
2548 1079 2565 1109 6
2596 1079 2759 1129 Citius

1695 1170 1792 1221 per
1814 1170 1992 1207 omnes
2010 1157 2178 1220 Deos,
2194 1171 2349 1222 quam
2373 1170 2638 1220 perunum
2659 1155 2760 1206 Ge-

1696 1232 1835 1281 nium
1854 1233 2073 1283 Caesaris
2112 1233 2412 1297 pejeratur!
2456 1232 2526 1281 Et
2545 1232 2757 1282 Sueten.

1692 1322 1808 1373 cap.
1826 1312 1911 1359 2⁷.
1935 1307 2010 1358 ait
2031 1307 2098 1358 de
2117 1308 2387 1372 Caligula3
2409 1307 2426 1335 6
2449 1307 2649 1357 Multos
2671 1308 2757 1358 bo-

1691 1385 1829 1434 nesti
1850 1384 2042 1437 ordinis
2060 1382 2376 1444 deformatos
2394 1383 2535 1448 prius
2550 1384 2757 1448 stigma-

1690 1466 1801 1510 tum
1822 1460 1980 1523 notis,
2002 1459 2069 1510 ad
2092 1460 2322 1522 metalla,
2346 1466 2438 1510 aut
2469 1459 2538 1509 ad
2557 1460 2754 1509 viarum

1688 1536 2021 1598 munitiones,
2037 1542 2129 1586 aut
2146 1535 2214 1586 ad
2235 1535 2429 1585 bestias
2448 1535 2755 1585 condemna·

1687 1613 1781 1678 vit,
1803 1620 1895 1664 aut
1918 1613 2200 1663 bestiarum
2221 1626 2364 1662 more
2398 1611 2757 1677 quadrupedes

1686 1704 1849 1740 cavea
1867 1689 2121 1750 coiircuit,
2141 1695 2232 1739 aut
2262 1688 2458 1739 medios
2491 1703 2638 1738 serra
2657 1688 2755 1739 dis-

1686 1767 1882 1827 secuit;
1897 1781 1994 1817 nec
2012 1780 2189 1816 omnes
2205 1778 2271 1814 ex
2293 1763 2540 1826 gravibus
2555 1765 2752 1826 causisg

1682 1856 1865 1893 verum
1883 1843 2017 1893 male
2050 1842 2116 1892 de
2148 1854 2361 1893 munere
2383 1856 2475 1891 suo
2498 1840 2753 1904 opinatos,

1683 1921 1768 1977 vel
1791 1920 1930 1986 quod
1953 1935 2217 1987 nunquam
2237 1934 2333 1985 per
2355 1919 2584 1971 Genium
2606 1933 2749 1969 suum

1682 1996 2046 2061 deJerassente

1747 2074 1950 2123 Centum
1965 2073 2106 2136 pur-iu
2125 2072 2317 2137 induco]
2349 2072 2636 2137 Duplicem
2657 2072 2746 2123 be·

1677 2150 1951 2200 catomben
2007 2149 2279 2214 explicant
2333 2149 2512 2214 aliqui,
2582 2152 2748 2201 minus

1677 2224 1831 2288 bene,
1851 2233 1911 2276 ut
1944 2225 2161 2289 opinor:
2198 2224 2381 2276 melius
2418 2225 2528 2285 alii,
2562 2220 2749 2276 centus

1671 2302 1814 2365 peria
1851 2302 2211 2365 gladiatorum,
2246 2316 2460 2366 quorum
2498 2304 2746 2367 sanguine

1675 2377 1949 2440 placentur
1967 2376 2074 2439 Dii,
2094 2383 2153 2427 et
2170 2376 2508 2440 Imperatoris
2525 2377 2747 2431 Genius.

1675 2451 1866 2505 Horat.
1887 2453 1992 2505 Sat.
2011 2467 2076 2504 u.
2113 2458 2166 2504 3.
2210 2453 2228 2481 6
2251 2453 2322 2505 Ni
2360 2453 2435 2504 sie
2473 2453 2744 2520 fecissent,

1675 2530 2017 2595 gladiatorum
2060 2530 2186 2581 dare
2241 2537 2452 2592 centum
2495 2531 2745 2584 Damnati

1676 2607 1869 2670 populo
1890 2605 2058 2670 paria,
2068 2613 2228 2672 atque
2251 2606 2492 2671 epulum'
2514 2642 2530 2657 .
2554 2641 2571 2658 .
2588 2608 2743 2662 Quod

1671 2682 1714 2740 si
1747 2683 1831 2733 cni
1864 2682 2074 2734 videtur
2109 2683 2292 2733 mirum
2322 2681 2462 2747 quod
2505 2685 2740 2748 privatus

1670 2759 2030 2824 gladiatorium
2053 2778 2236 2825 munus
2274 2761 2540 2826 exhibeat,
2561 2763 2741 2814 memi-

1670 2837 1808 2888 nerit
1838 2837 1976 2903 quod
2010 2837 2174 2890 refert
2205 2838 2481 2889 Suetonius
2515 2853 2635 2903 cap.
2658 2842 2739 2889 47.

1667 2912 1979 2979 ‘Scripsisse
2014 2915 2080 2964 ad
2113 2921 2480 2980 procuratores
2503 2929 2626 2965 suos
2639 2916 2739 2967 Ca-

1665 2988 1899 3057 ligulam,
1929 2996 1991 3040 ut
2027 3005 2180 3055 quam
2215 2991 2426 3042 minima
2448 3005 2652 3044 summa
2682 2997 2738 3041 et

1665 3065 1917 3130 impensa,
1975 3065 2292 3131 triumphum
2354 3075 2529 3119 tamen
2581 3082 2734 3133 quam

1665 3150 1877 3207 possent
1920 3145 2485 3210 magnificentissimum
2517 3161 2734 3212 appara-

1665 3226 1802 3286 rent,
1820 3228 1878 3271 et
1899 3228 2119 3288 quantus
2156 3236 2416 3288 nunquam
2448 3223 2578 3276 alius
2612 3222 2734 3273 fuis-

1664 3303 1775 3360 set;
1833 3299 2038 3363 quando
2077 3299 2132 3349 in
2187 3299 2412 3360 omnium
2467 3299 2730 3355 bominum

1663 3373 1800 3423 bona
1810 3375 1901 3439 jus
1922 3375 2207 3434 baberent?
2271 3379 2432 3441 Ergo,
2451 3377 2591 3442 qnod
2614 3378 2726 3427 vult

1662 3449 1991 3504 casaubonus
2021 3452 2146 3506 satis
2185 3452 2462 3502 verisimile
2483 3459 2587 3515 est,
2607 3451 2731 3502 data
2835 3517 2844 3528 .

1659 3539 1847 3590 nempe
1864 3541 1928 3577 ea
1950 3534 2210 3591 potestate
2228 3529 2280 3578 in
2298 3527 2582 3579 facultates
2603 3529 2729 3580 civi,

1661 3615 1765 3666 um,
1785 3612 1996 3653 coactos
2001 3604 2246 3674 privatos
2262 3603 2329 3654 de
2352 3619 2444 3653 suo
2469 3618 2726 3670 quemque

1658 3685 1854 3730 sumtus
1913 3684 1970 3730 et
2029 3681 2289 3745 impensas
2349 3681 2417 3732 ad
2477 3682 2726 3748 triumphi

1660 3769 1903 3820 pompam
1966 3757 2222 3821 conferre,
2280 3764 2337 3808 et
2414 3760 2724 3811 contulisse.

1657 3831 1812 3894 Quod
1837 3834 2055 3898 respicit
2077 3835 2313 3892 hocloco
2336 3835 2571 3886 Persius.

1722 3911 1799 3964 00
1831 3926 1908 3966 res
1927 3913 2117 3975 egregie
2132 3913 2316 3978 gestas]
2355 3913 2445 3963 Ob
2466 3913 2722 3979 insignem

1653 3987 2038 4047 Germanorum>
2052 3989 2273 4052 cladem,
2293 3995 2348 4039 et
2371 3997 2577 4053 partam
2608 3989 2720 4040 feli·

1650 4065 1786 4120 citer
1801 4081 1833 4115 a
1846 4065 2075 4130 Caligula
2088 4064 2154 4115 de
2176 4065 2405 4116 hostibus
2426 4065 2719 4122 victoriam.

1652 4141 1876 4206 Ironice,
1894 4148 1954 4192 nt
1976 4157 2152 4206 supra.

1713 4222 1780 4269 49
1814 4220 1937 4277 Quis
1967 4217 2134 4271 vetat?
2188 4219 2330 4284 uude]
2394 4222 2538 4274 Num
2576 4223 2718 4274 ausis
