3050 4913
547 339 680 414 242

552 496 1000 557 Cama—Midea,
1038 493 1146 557 sse-1
1200 490 1381 540 Omnis
1410 486 1615 552 generis

548 589 673 628 vasa
718 567 1246 634 intelligite-Putet]
1288 566 1374 615 Ob
1414 563 1617 627 copiam

546 650 776 709 nimiam,
797 663 858 696 eo
895 647 1033 712 quod
1068 660 1192 693 vasa
1232 644 1320 692 illa
1357 649 1469 691 tota
1502 653 1618 688 raro

553 724 943 782 exhauriuntur,
980 729 1035 769 et
1081 720 1228 768 cibus
1267 719 1318 766 in
1360 716 1462 766 illis
1505 728 1619 764 cor-

552 808 841 864 rumpatur,
865 806 921 847 et
951 802 1138 861 putere
1159 794 1391 858 incipiat.
1423 790 1598 841 labin.

623 882 690 927 74
723 879 800 939 In,
820 874 926 938 ξι]
958 873 1156 923 Divitis
1179 870 1441 921 advocati.
1508 867 1623 916 Me·

557 963 752 1019 tonym.
798 950 1027 1016 adjuncti
1087 963 1182 1012 pro
1236 945 1488 1009 subjecto,
1532 956 1625 1005 pro

560 1033 693 1083 cella
714 1028 977 1092 penuaria,
1002 1026 1052 1073 in
1075 1039 1175 1089 qua
1198 1022 1436 1072 conditur
1457 1025 1515 1067 et
1539 1016 1626 1066 ad·

561 1116 795 1160 servatur
842 1099 1330 1169 penus.—-Desensis,
1365 1095 1473 1158 ma]
1550 1095 1628 1143 Eo

559 1184 766 1235 nomine
803 1179 938 1245 quod
963 1177 1152 1227 divites
1192 1175 1304 1223 illos
1328 1171 1555 1221 Umbros
1576 1170 1630 1218 in

553 1260 758 1327 jndicio
800 1254 1096 1306 defenderit
1135 1260 1400 1316 patronus,
1421 1246 1503 1296 vel
1544 1245 1631 1294 ad-

564 1343 794 1386 vocatus.
863 1333 1026 1382 Erant
1068 1333 1240 1377 autem
1286 1324 1456 1374 Umbri
1500 1321 1633 1371 anti·

569 1411 801 1479 quissimi
819 1409 988 1459 ltatiae
1014 1403 1208 1470 populi.
1260 1400 1486 1451 Turneb.
1513 1411 1633 1448 xiv.

613 1521 699 1613 ⁶⁷5
738 1563 826 1624 Et,
846 1561 954 1624 &eq
975 1558 1039 1609 Id
1060 1517 1163 1619 est,
1184 1555 1338 1609 Quod
1361 1555 1422 1603 in.
1436 1553 1638 1603 illorum

488 1691 492 1697 ,
571 1639 938 1690 advocatorum
973 1649 1111 1700 penu
1152 1642 1207 1683 et
1246 1632 1444 1682 cibario
1466 1629 1641 1679 condi·

575 1723 688 1766 tum
706 1714 779 1765 sit
805 1712 973 1775 piper,
995 1725 1184 1775 pernae,
1207 1717 1263 1758 et
1280 1722 1478 1767 maenoe,
1501 1705 1642 1754 Mar-

573 1791 618 1840 si
661 1787 970 1840 consultoris
1014 1792 1073 1834 et
1114 1783 1319 1834 clientis
1357 1783 1408 1831 in
1442 1778 1644 1844 judicio

576 1863 784 1915 defensi
814 1868 1144 1912 monumenta
1176 1866 1230 1909 et
1253 1856 1483 1908 donaria.
1552 1855 1647 1904 Est

579 1946 755 1990 autem
780 1937 944 1986 Moeau
968 1937 1086 1985 vilis
1106 1935 1330 1984 marinus
1355 1932 1524 1997 piscis.
1549 1930 1646 1979 La-

580 2015 677 2065 bin.
723 2014 862 2063 Plin.
900 2026 979 2061 ιι.
1011 2014 1097 2061 26.
1163 2008 1471 2060 Caussidicis
1508 2007 1647 2056 enim

581 2090 749 2141 solitze
790 2088 970 2137 donari
1010 2088 1212 2150 lagenae
1253 2085 1357 2134 vini
1397 2091 1454 2133 et
1492 2083 1648 2132 salsa-

580 2171 775 2225 menta,
790 2170 946 2225 atque
969 2160 1221 2227 ejusmodi
1244 2159 1423 2209 tenuia
1446 2171 1650 2207 munus-

582 2241 719 2303 cula,
761 2254 975 2304 quorum
1012 2237 1095 2287 hic
1141 2236 1376 2285 meminit
1422 2233 1652 2283 Persius.

591 2314 798 2367 cmub.

651 2396 718 2441 76
755 2389 912 2451 Quod,
933 2388 1044 2452 qt]
1105 2387 1250 2436 (lrca
1267 2384 1441 2436 bellua
1461 2383 1659 2433 marina

590 2467 905 2533 appellatur,
925 2464 1136 2514 balaenis
1174 2462 1383 2523 infesta,
1412 2476 1565 2525 quam
1602 2460 1656 2509 in

588 2546 758 2596 frusta
776 2543 1054 2592 dissectam
1074 2538 1446 2590 salsamentarii
1483 2539 1539 2587 in
1575 2551 1659 2585 va·

591 2620 665 2671 ais
706 2617 1070 2668 adservabant.
1172 2615 1340 2664 Pruna
1383 2615 1510 2663 Orco
1564 2626 1660 2677 pro

594 2695 757 2761 priori
775 2708 895 2743 vase
917 2693 1144 2755 ponitur,
1162 2689 1298 2755 quod
1316 2690 1369 2738 in
1387 2689 1474 2738 illo
1496 2689 1663 2752 pisces

594 2770 921 2821 illinendum
944 2766 1254 2828 defecerint,
1288 2780 1384 2816 nec
1416 2764 1543 2814 illud
1576 2778 1664 2814 ex·

594 2850 833 2899 haustum
856 2846 956 2894 sit:
1007 2859 1123 2894 cum
1146 2842 1354 2907 insuper
1371 2841 1539 2890 adhuc
1564 2840 1665 2889 alia

596 2921 902 2983 offerantur,
943 2927 1000 2969 et
1032 2920 1144 2984 jam
1184 2918 1289 2967 alia
1330 2917 1663 2966 donarentur.

599 3001 699 3049 Vel
715 3013 808 3063 pro
832 3004 981 3062 parte
1004 2997 1170 3061 prima
1192 3008 1254 3045 ac
1275 2992 1546 3058 superiore
1565 2991 1666 3043 Or-

604 3090 702 3125 cae.
766 3072 940 3123 laabin.

666 3158 733 3202 77
769 3151 868 3201 Hic
890 3148 1082 3213 aliquis]
1131 3147 1415 3212 Impatiens
1437 3161 1568 3197 meae
1592 3161 1669 3197 se-

604 3229 697 3278 riae
742 3226 1105 3277 admonitionis
1148 3231 1204 3274 et
1245 3223 1525 3286 libertatis,
1591 3223 1672 3272 vel

603 3302 954 3366 Philosophia
987 3300 1214 3352 studium
1246 3299 1675 3349 irridens.-Hir-

607 3380 735 3444 tosa]
783 3377 1025 3442 Hispida,
1061 3378 1278 3439 hirsuta,
1310 3376 1522 3437 inculta,
1562 3377 1674 3426 illu-

611 3457 747 3506 viem
800 3455 1004 3504 illorum
1053 3460 1109 3503 et
1158 3451 1434 3516 δυσχέρειαν
1477 3461 1677 3501 notans.

612 3532 713 3582 Vel
735 3532 936 3593 hirom,
960 3529 1133 3592 turpia
1154 3536 1210 3579 et
1233 3528 1388 3590 foeda,
1427 3527 1563 3594 qnod
1588 3526 1676 3577 foe-

615 3609 735 3658 dum
751 3607 962 3658 odorem
976 3606 1250 3670 spirarent.
1274 3604 1499 3655 Turneb.
1515 3617 1681 3654 mu.

615 3682 1131 3745 fita—Centuriam]
1195 3682 1265 3731 Et
1290 3686 1433 3730 recte
1461 3680 1681 3728 militum

615 3750 732 3810 heic
750 3760 1002 3821 meminit,
1020 3763 1236 3823 propter
1251 3756 1563 3807 contrarium
1580 3762 1683 3805 stu·

619 3834 780 3884 dium.
848 3836 993 3885 Nihil
1027 3834 1163 3884 enim
1200 3832 1491 3896 refragatur
1511 3831 1684 3881 Philo-

623 3911 814 3974 sophiae
857 3912 1037 3975 magis,
1078 3924 1229 3975 quam
1269 3908 1379 3957 vita
1416 3907 1685 3966 militaris;

625 3985 715 4037 ubi
735 3994 791 4036 et
814 3986 926 4051 ipsa
949 3990 1110 4037 virtus
1132 3987 1326 4035 exulat.
1394 3985 1546 4033 Idem.

688 4066 754 4112 78
790 4061 1068 4128 ρκοά,ᾲο.]
1117 4060 1488 4122 Prosopopoeia
1513 4057 1691 4106 militis

629 4138 925 4189 vecordiam
949 4152 1091 4186 suam
1124 4142 1180 4186 et
1215 4142 1442 4185 mentem
1465 4149 1496 4183 a
1517 4134 1692 4182 Philo·

627 4216 806 4285 sophia
861 4213 1082 4267 alienam
1133 4211 1458 4264 excusantis:
1528 4212 1693 4277 primo

1242 340 1915 399 NOTAE.VARIORUM
1942 338 2044 386 ἸΝ

1692 482 1899 547 quidem
1938 495 2003 531 ex
2038 476 2323 544 adjunctis,
2337 473 2479 541 quod
2508 470 2770 525 satisssibi

1692 559 1876 623 sapiat.
1944 557 2094 605 Ideni.

1758 638 1823 683 79
1862 635 1995 695 Esse,
2013 632 2118 695 qna]
2151 629 2213 678 Id
2238 635 2340 688 est,
2363 626 2649 690 Nunquam
2676 623 2775 672 Ar·

1696 711 1911 771 cesilao,
1935 708 2125 768 Soloni,
2149 713 2205 756 et
2237 702 2450 768 reliquis
2475 700 2685 749 miseris
2719 706 2777 747 et

1699 785 1998 836 oerumnosis
2048 780 2383 843 philosophis
2431 776 2621 827 similis
2663 789 2779 825 esse

1700 864 1857 912 volui.
1924 860 2043 910 Fuit
2063 867 2241 909 antem
2262 855 2547 916 Arcesilas,
2573 853 2662 902 vel
2681 851 2782 900 Ar-

1701 941 1922 988 cesilaus
1943 937 2121 1002 scythi
2155 934 2291 983 filius
2327 947 2392 981 ex
2427 931 2628 980 Pitane
2653 928 2782 979 civi·

1703 1024 1813 1066 tate
1852 1016 2069 1075 AEolica,
2092 1011 2360 1062 Crantoris
2400 1008 2784 1070 disciputus.—

1709 1092 2078 1154 AEramaosiquae,
2097 1087 2203 1152 ξι]
2236 1088 2314 1136 Eo
2338 1084 2482 1150 quod
2504 1082 2690 1132 multis
2714 1096 2784 1131 a·

1705 1168 1896 1217 rumnis
1940 1173 1995 1216 et
2039 1164 2302 1214 laboribus
2346 1159 2411 1209 ad
2465 1157 2784 1222 sapientiam

1709 1238 2353 1310 perveniant.—Solones].
2405 1238 2561 1288 Solon
2616 1235 2785 1284 Auie-

1708 1321 1897 1371 niensis
1919 1335 2048 1370 nnus
2069 1333 2099 1367 e
2134 1325 2333 1377 septem
2355 1312 2705 1378 sapientibus,
2727 1318 2787 1361 et

1710 1397 2006 1461 legislator:
2043 1400 2099 1444 et
2121 1394 2313 1444 Solam
2331 1406 2427 1456 pro
2450 1388 2789 1453 Philosophis

1713 1473 1864 1521 dixit.
1932 1471 2083 1522 Idem.

1777 1551 1843 1596 80
1879 1545 2092 1609 Οὺειίρο,
2111 1544 2220 1607 ξω]
2267 1540 2571 1606 Descriptio
2609 1539 2791 1590 Philo-

1715 1624 2007 1688 sophorum,
2029 1636 2159 1686 qnos
2182 1635 2346 1671 vanus
2380 1625 2439 1669 et
2471 1617 2616 1667 rudis
2653 1617 2794 1666 Cen·

1717 1702 1853 1751 turio
1876 1695 2322 1760 ridet—Obstipo]
2372 1694 2437 1743 Id
2460 1699 2561 1754 est,
2592 1691 2794 1755 Rigido

1718 1778 1852 1827 collo
1888 1782 1945 1825 et
1982 1773 2204 1834 cervice,
2239 1777 2296 1821 et
2325 1771 2377 1820 in
2409 1770 2683 1819 humerum
2707 1781 2795 1817 ca-

1720 1852 2137 1918 pitainclinat03
2189 1847 2326 1913 quod
2357 1845 2549 1896 attenti
2572 1852 2631 1894 et
2649 1844 2798 1907 cogi-

1722 1928 1936 1979 tabundi
1958 1927 2159 1991 signum
2182 1919 2635 1986 este-Obstipuit]
2660 1921 2800 1970 Con·

1722 2015 1993 2071 torquere,
2007 1993 2452 2063 incurvaree-Et,
2474 2000 2582 2063 ξω]
2653 1998 2799 2048 Ocn-

1721 2085 1893 2134 lorum.
1910 2081 2102 2131 lumine
2126 2082 2325 2130 intente
2361 2085 2555 2127 terram
2585 2076 2801 2124 intuen-

1725 2168 1840 2221 tes;
1888 2158 2025 2224 quod
2064 2157 2136 2207 illi
2175 2155 2399 2218 faciunt,
2418 2153 2502 2219 qui
2537 2152 2801 2203 attentius

1727 2235 1850 2300 quid
1873 2234 2012 2298 apud
2033 2248 2088 2283 se
2109 2232 2446 2282 meditantur.
2513 2230 2671 2278 Iden.

1792 2315 1852 2360 81
1893 2308 2168 2371 Marmara]
2188 2307 2396 2358 Tacitus
2411 2305 2809 2366 meditationes,

1729 2402 1856 2453 quas
1896 2385 2066 2435 verbis
2088 2385 2352 2434 submissis
2390 2382 2527 2446 apud
2569 2396 2625 2430 se
2664 2396 2807 2431 mur-

1730 2462 1984 2515 murando
2033 2460 2611 2527 exprimunt—Secum]
2674 2458 2808 2509 Soli.

1734 2540 1838 2593 Qui
1861 2545 2103 2603 tanquam
2125 2538 2300 2586 insani
2314 2537 2410 2586 soli
2430 2550 2603 2585 secum
2628 2534 2806 2598 dispu-
2847 2549 2852 2552 ·

1735 2622 1868 2666 tant.
1930 2613 2029 2663 Vel
2050 2611 2191 2678 quod
2215 2611 2325 2661 fere
2348 2612 2405 2660 in
2425 2610 2623 2661 rabiem
2648 2624 2813 2673 agan·

1735 2694 1849 2753 tur,
1862 2704 1979 2740 cum
2003 2704 2111 2738 non
2126 2688 2397 2738 inveniunt
2433 2686 2569 2751 quod
2594 2684 2815 2750 quaesie-

1736 2766 2161 2830 runa-Rodunt]
2226 2764 2382 2815 Quod
2435 2776 2701 2811 murmura
2754 2768 2817 2810 et

1736 2842 2120 2904 meditationes,
2153 2847 2207 2890 et
2242 2840 2566 2891 inventiones
2588 2854 2710 2889 cum
2745 2838 2817 2888 si·

1738 2919 1899 2969 lentio
1933 2932 2108 2968 secum
2143 2917 2349 2977 rodant,
2388 2923 2691 2978 attenuent,
2722 2928 2823 2964 ex·

1740 2995 1973 3061 pendant
1992 3000 2149 3058 atque
2173 2994 2455 3058 expoliant.
2522 2992 2679 3043 Idem.

1806 3075 1870 3120 82
1906 3068 2224 3135 Eaepmecto]
2280 3070 2387 3118 Per
2408 3069 2647 3132 Metaph.
2711 3067 2817 3115 Ex·

1744 3148 1973 3213 primens
2007 3145 2434 3210 Philosophorum
2474 3152 2704 3207 gestum,
2726 3143 2820 3209 qui

1746 3223 1868 3272 dum
1892 3237 2064 3272 secum
2088 3222 2422 3284 meditantur,
2453 3221 2528 3269 ita
2563 3220 2706 3269 labia
2728 3235 2820 3269 ex·

1748 3298 1989 3362 tendunt,
2025 3305 2086 3348 ut
2109 3298 2211 3347 illis
2234 3297 2395 3347 verba
2418 3295 2721 3359 adpendere
2745 3297 2823 3344 vi-

1748 3372 2391 3435 deantur.—Trutiauntur]
2461 3373 2736 3437 Tanquam
2769 3371 2827 3421 in

1750 3452 1897 3501 libroe
1941 3450 2089 3500 lance
2134 3449 2416 3514 pensitant.
2471 3449 2749 3512 ‘metaph
2792 3463 2826 3497 a

1753 3529 1951 3577 trutina
1972 3528 2052 3575 vel
2072 3526 2225 3576 libra.
2289 3527 2438 3574 Idem.

1819 3607 1881 3653 83
1915 3602 2128 3665 AEgroti,
2161 3601 2267 3665 ξω]
2332 3599 2484 3652 Quod
2521 3599 2832 3663 Philosophi

1757 3678 1883 3729 talia
1903 3680 2073 3727 animo
2096 3676 2314 3739 agitent,
2334 3683 2390 3725 et
2413 3675 2687 3736 rimentur,
2704 3690 2833 3739 qua-

1755 3755 1829 3803 lia
1868 3753 2050 3817 aegroti
2088 3752 2359 3813 somniant,
2378 3751 2432 3801 id
2468 3758 2570 3814 est,
2607 3751 2835 3801 ridicula

1760 3838 1815 3880 et
1848 3828 2366 3894 unguem—Veteris]
2431 3825 2516 3877 Ad
2550 3842 2737 3877 senum
2774 3835 2834 3877 et

1762 3913 2068 3971 aegrotorum
2092 3904 2345 3954 insomnia
2368 3903 2598 3967 respicit,
2616 3918 2741 3968 quse
2765 3903 2834 3952 ab

1763 3981 1985 4031 Horatio
2002 3995 2095 4044 pro
2112 3980 2305 4029 deliriis
2320 3976 2837 4044 permotum—Gis&

1763 4058 2005 4129 de'nihilo,
2020 4057 2125 4120 εμπ]
2175 4055 2397 4106 Axioma
2419 4055 2708 4120 Physicum
2729 4054 2839 4103 vul·

1769 4132 2103 4200 gatissimum.
2174 4132 2323 4181 Idem.

1834 4216 1895 4260 85
1933 4210 2053 4274 Hoc,
2089 4207 2196 4272 ζα]
2263 4206 2326 4257 Id
2365 4212 2463 4270 est,
2496 4205 2615 4256 haec
2649 4203 2836 4255 naeniae
