3050 4913
1142 336 1595 429 ruvinum&
2304 365 2478 434 1223

257 520 534 600 excipiat,
569 519 924 601 descripsit:
970 540 1088 599 qua
1128 539 1405 600 perversa
1445 522 1668 584 ratione
1707 520 1830 583 dici
1875 540 1994 583 non
2039 529 2256 603 potest,
2298 524 2478 604 quam

264 619 569 677 molestum
599 615 1030 697 difficilemque
1056 617 1377 678 reddiderit
1402 618 1675 678 editionis
1704 639 1826 679 suae
1844 638 2032 681 nsum.
2091 620 2258 682 Idem
2280 620 2339 681 in
2359 631 2482 683 tex·

266 724 332 773 tu
367 723 423 773 et
448 714 634 792 ipsius
678 722 876 792 poetoe
903 723 966 774 et
1007 716 1348 775 Scholiastae
1375 715 1662 778 Pithoeani
1701 716 2080 796 exprimendo
2109 728 2345 779 secutus
2385 699 2480 780 est

271 811 663 871 recensionem
693 811 1043 871 Schrevelii.
1127 813 1327 891 Hujus
1349 813 1553 894 itaque
1577 832 1842 893 operam,
1861 814 1922 874 in
1948 814 2227 875 Iuvenale
2247 808 2480 875 edendo

276 907 643 978 collocatam,
686 917 757 966 ut
783 908 1016 985 penitus
1043 918 1411 987 perspectam
1454 909 1712 970 habeant
1739 911 2010 982 lectores,
2047 909 2322 971 Praefatio
2348 911 2482 989 ejus

275 1005 443 1083 digna
464 1005 722 1074 videtur,
751 1025 887 1083 quai
906 1015 1262 1083 apponatur.
1348 1006 1455 1067 Est
1480 1026 1620 1066 vero
1647 1006 1816 1069 haec:
1860 1016 1879 1042 ‘
1900 1007 2055 1067 Cum
2080 1002 2236 1069 hutic
2265 1009 2485 1069 Aucto·

274 1122 388 1162 rem
418 1102 652 1180 publici
688 1103 842 1180 juris
870 1102 1061 1161 facere
1089 1101 1497 1175 decrevissem,
1539 1103 1767 1182 aliquot
1792 1104 1928 1164 viris
1966 1104 2201 1164 nomine
2229 1125 2300 1166 ac
2326 1105 2484 1166 sama

275 1197 695 1268 cehberrimis,
741 1206 990 1257 mentem
1020 1197 1449 1276 consiliumque
1477 1218 1671 1259 meum
1700 1201 1925 1279 aperui,
1974 1209 2034 1260 et
2079 1201 2296 1261 obnixe
2324 1202 2488 1281 petii,

280 1305 359 1366 ut,
389 1294 440 1354 si
467 1294 619 1372 quid
645 1295 704 1352 in
732 1293 888 1353 hunc
917 1296 1238 1354 Auctorem
1267 1294 1694 1370 observassent,
1733 1286 2167 1358 communicare
2195 1298 2337 1359 mihi
2362 1298 2489 1378 dig-

278 1402 575 1463 narentur,
620 1389 1006 1451 honorificam
1053 1410 1258 1452 eorum
1312 1393 1671 1454 mentionem
1719 1394 2039 1474 pbllicitus,
2093 1415 2216 1473 quo
2260 1398 2492 1455 Auctor

280 1488 395 1559 hic,
425 1490 576 1567 reip.
602 1487 872 1549 literariae
902 1489 1079 1561 bono,
1122 1489 1352 1550 auctior
1379 1491 1699 1570 tersiorque
1742 1492 1936 1552 lucem
1964 1493 2228 1572 aspicere
2272 1499 2493 1572 posset.

282 1585 524 1646 Plurimi
555 1586 671 1645 hoc
699 1605 893 1645 meum
916 1585 1212 1646 eonsilium
1240 1588 1665 1667 approbarunt,
1694 1597 1755 1650 et
1780 1589 2057 1662 currenti,
2087 1598 2152 1649 ut
2173 1589 2256 1649 ita
2278 1588 2493 1660 dica‘m,

282 1684 482 1743 calcar
505 1682 886 1755 addiderunt,
931 1684 1346 1762 promissisque
1372 1686 1689 1756 lactarunt,
1733 1685 1883 1744 nihil
1908 1705 2028 1745 non
2056 1685 2321 1764 polliciti.
2404 1686 2500 1743 ln·

289 1781 452 1841 terim
492 1790 644 1851 tum,
693 1789 762 1841 ut
787 1789 849 1841 et
891 1781 1159 1851 antehac,
1210 1782 1493 1860 comperi,
1542 1781 1903 1853 verissimum
1946 1779 2277 1859 essequod
2322 1781 2499 1857 vulgo

289 1877 475 1938 fertur
495 1898 514 1936 ι
566 1877 894 1937 Promissis
901 1884 1102 1955 ponet
1126 1877 1373 1957 quilibet
1394 1896 1512 1937 erse
1539 1877 1717 1941 diver.
1801 1877 2194 1939 Nihilominus
2216 1875 2379 1957 quod
2409 1876 2500 1936 in-

293 1993 585 2054 ceperam,
620 1973 886 2052 gnaviter
910 1972 1218 2034 absolvere
1244 1973 1494 2052 perrexi,
1535 1983 1600 2035 et
1627 1982 1796 2035 notas
1823 1975 2114 2035 variorum
2142 1957 2499 2047 Auctor-uin,

295 2092 435 2151 quas
458 2072 523 2130 in
552 2089 749 2130 meum
780 2089 949 2129 usum
977 2070 1351 2148 collegeram,
1394 2068 1451 2128 in
1480 2069 1744 2132 ordinem
1772 2070 2009 2151 digessi,
2037 2079 2098 2131 et
2124 2068 2201 2130 ad
2226 2068 2503 2132 incudem

293 2167 586 2239 revocavi,
630 2166 863 2227 collatis
900 2167 1055 2227 inter
1094 2186 1159 2226 se
1198 2166 1558 2227 diversorum
1599 2168 1776 2239 notis,
1826 2167 2155 2229 selectiores
2189 2167 2396 2246 selegi,
2445 2176 2508 2227 et

293 2266 594 2345 praecipue
623 2284 760 2343 quae
781 2263 856 2323 ad
888 2273 1141 2324 mentem
1165 2264 1440 2327 Auctoris
1467 2274 1631 2325 recte
1658 2264 2094 2345 percipiendam
2122 2272 2184 2325 et
2209 2264 2510 2324 illustran-

296 2362 433 2423 dam
474 2362 727 2422 maxime
767 2360 1189 2422 conducerent.
1273 2364 1407 2425 Jatn
1448 2382 1591 2423 vero
1639 2362 1800 2442 quod
1846 2362 1923 2423 ad
1966 2371 2188 2423 textum
2229 2360 2506 2421 Auctoris

295 2438 529 2532 attinet,
556 2459 1047 2520 correctissimum
1072 2470 1131 2519 et
1156 2459 1587 2532 nitidissimum,
1618 2461 1665 2519 si
1696 2478 1955 2538 unquam
1982 2468 2139 2531 ante,
2176 2455 2286 2517 tibi
2315 2456 2507 2518 trado.

298 2559 504 2618 Varias
531 2558 748 2617 etenim
790 2556 1369 2634 accuratissimasque
1409 2554 1722 2626 editiones,
1766 2554 1995 2616 collatis
2037 2554 2189 2614 inter
2228 2573 2292 2612 se
2317 2573 2513 2615 exem·

298 2654 587 2733 plaribus,
629 2655 878 2733 inspexi,
921 2653 1262 2726 examinavi,
1307 2662 1369 2714 et
1409 2673 1483 2714 ex
1522 2653 1633 2712 illis
1675 2651 2011 2731 praecipuas
2041 2648 2311 2727 judicavi
2358 2650 2510 2711 Rue.

302 2751 590 2834 Stephani
615 2763 677 2813 et
707 2751 943 2813 Pitkoea·
968 2750 1275 2821 editiones,
1304 2769 1450 2830 quas
1476 2751 1654 2810 etiam
1683 2769 1807 2829 prae
1835 2747 2042 2820 ceteris
2068 2755 2351 2824 tanquam
2381 2764 2514 2806 cor-

304 2850 655 2910 rectissimas
681 2849 854 2928 elegi.
937 2849 1014 2908 Et
1053 2847 1216 2929 quod
1255 2847 1488 2908 silentio
1528 2867 1644 2908 non
1684 2845 2125 2916 involvendum,
2169 2863 2310 2904 usus
2338 2842 2515 2903 etiam

308 2965 434 3006 sum
463 2945 704 3006 duobus
732 2944 1166 3023 exemplaribus
1196 2945 1347 3004 Mss.
1379 2962 1516 3021 quae
1538 2943 1642 3003 Vir
1666 2941 1925 3004 nobiliss.
1946 2959 2019 3001 ac
2045 2937 2518 3018 incomparabilis

309 3043 400 3104 Cl.
431 3043 759 3103 Salmasius
788 3041 929 3101 mihi
958 3039 1375 3122 suppeditavit,
1414 3039 1511 3100 cui
1540 3040 1640 3100 uni
1669 3039 1788 3100 fere
1814 3048 1875 3099 et
1902 3037 2012 3098 soli
2038 3037 2251 3107 debeo,
2292 3035 2340 3096 si
2368 3035 2516 3115 quid

306 3139 561 3201 nominis
616 3159 688 3199 ac
736 3139 913 3199 famae
960 3137 1089 3197 haec
1138 3145 1336 3196 nostra
1381 3135 1563 3196 editio
1607 3135 1960 3195 merebitur:
2020 3134 2238 3213 quique
2284 3131 2521 3211 insuper

307 3246 565 3297 veterem
607 3237 995 3315 interpretem
1024 3235 1264 3313 propria
1295 3252 1401 3293 sua
1428 3251 1628 3305 manu,
1671 3232 1867 3293 multis
1903 3231 1966 3292 in
2007 3231 2149 3291 locis
2176 3231 2521 3309 castigatum

306 3333 810 3412 emendatumque
849 3351 1070 3392 summa
1113 3351 1251 3392 cum
1292 3330 1660 3392 humanitate
1697 3330 1856 3392 ultro
1885 3327 2025 3389 mihi
2063 3327 2315 3397 obtulit;
2356 3334 2417 3386 et
2443 3324 2523 3385 acl

306 3450 488 3509 quem
517 3431 834 3508 saepissime
863 3438 1146 3507 tanquam
1174 3429 1251 3488 ad
1273 3428 1599 3490 oraculum
1628 3427 1888 3507 confugi,
1916 3426 1964 3488 si
1991 3445 2128 3505 quae
2147 3425 2283 3490 loca
2307 3430 2522 3494 essent,

314 3529 407 3587 rel
456 3528 542 3587 ab
597 3527 1019 3606 Interpretibus
1067 3529 1307 3598 intacta,
1361 3526 1455 3586 vel
1506 3525 1884 3595 intrication‚
1954 3521 2208 3584 candide
2264 3529 2390 3580 tum
2443 3517 2525 3577 ihi

313 3635 574 3684 mentem
624 3644 782 3683 suam
830 3627 1077 3704 aperuit,
1136 3624 1396 3702 nihilque
1450 3623 1613 3702 quod
1667 3639 2087 3702 proposueram
2137 3613 2369 3686 celavit,
2421 3613 2525 3675 sed

312 3740 543 3801 semper
599 3723 722 3782 voti
779 3733 1118 3802 compotem
1166 3720 1732 3783 dimisin-Gudt'su
1788 3718 1936 3779 mihi
1981 3715 2155 3777 etiam
2198 3711 2327 3773 duo
2376 3712 2530 3772 Mss.

315 3816 679 3896 exemplaria
706 3818 1121 3890 commodavit,
1162 3837 1297 3897 quae
1324 3838 1464 3878 cum
1492 3817 1606 3876 hac
1634 3823 1835 3875 nostra
1863 3810 2138 3873 Editione
2165 3808 2407 3880 contuli,
2448 3817 2533 3881 et,

315 3913 362 3972 si
390 3913 538 3993 quid
565 3922 774 3975 notatu
797 3913 1059 3994 dignum,
1086 3917 1145 3977 in
1175 3923 1400 3977 textum
1422 3914 1612 3975 intuli.
1695 3912 1969 3971 Veterem
1999 3926 2138 3986 ergo
2167 3905 2531 3968 scholiasteu
2656 3944 2660 3948 -

319 4009 491 4070 etiam
534 4011 845 4090 integrum,
889 4020 950 4071 et
993 4012 1256 4092 plurimis
1304 4012 1364 4073 in
1408 4011 1561 4071 locis
1609 4009 1696 4069 ita
1741 4017 1807 4069 ut
1845 4006 2095 4068 diximus
2131 4002 2534 4072 emendatum,

326 4107 516 4168 trado.
604 4107 765 4168 Inter
807 4119 1297 4171 commentatores
1336 4128 1562 4179 omnes,
1608 4106 1824 4186 quibus
1867 4105 1957 4166 usi
1996 4123 2212 4174 sumus,
2263 4099 2536 4161 Laus-n

321 4223 448 4286 με
474 4204 686 4266 ceteris
715 4204 857 4266 mibi
885 4206 1125 4286 placuit,
1150 4216 1213 4270 et
1240 4228 1313 4269 ne
1341 4206 1482 4287 quid
1512 4205 1667 4268 illius
1691 4203 1964 4266 laudibus
1991 4202 2337 4270 detrectem,
2372 4191 2539 4254 mihi·
