3050 4913
2409 352 2543 430 2109

327 526 427 577 bns
450 539 612 576 vacuo
633 538 696 574 ac
732 525 905 576 soluto
940 538 1005 574 ue
1038 523 1256 589 eogitari
1280 524 1488 589 quidem
1511 537 1685 587 posse.
1720 528 1833 573 118.
1902 523 2021 573 Nou
2048 537 2197 586 posse
2220 522 2351 586 fieri,
2372 530 2428 576 ut
2450 524 2541 573 ali·

329 606 450 673 quis
475 606 680 670 sapiens
713 605 955 671 idemque
990 605 1181 675 stultu?
1203 606 1291 668 sit,
1315 606 1408 654 sed
1430 607 1513 654 vel
1538 605 1745 655 omniuo
1765 605 1970 670 sapiens
1991 605 2074 655 vel
2097 606 2306 655 omuino
2328 606 2539 655 stultus.

327 690 443 737 12³.
497 687 572 735 Ut
594 685 855 735 dominiiu
880 700 1077 749 servos,
1097 685 1170 735 sic
1193 685 1539 749 cupiditatum
1578 686 1630 734 iu
1666 686 1807 750 ipsos
1844 685 2074 735 dominos
2113 701 2223 736 esse
2264 687 2538 749 imperium

327 781 478 831 aeque
501 780 755 816 severum.
793 770 906 817 131.
975 766 1126 819 Quod
1166 774 1225 817 ut
1258 766 1478 831 amplius
1503 766 1796 827 confirmet,
1818 767 2058 830 exemplo
2083 768 2271 830 utitur,
2293 782 2322 815 a
2348 782 2543 816 merca·

329 847 463 896 toris
485 846 705 895 avaritia
726 847 912 911 petito,
934 847 1000 897 ad
1024 848 1196 897 omnia
1215 846 1448 897 facinora
1486 848 1630 898 ilium
1670 848 1972 912 impellente
2017 852 2140 908 1893
2194 855 2379 897 contra
2417 863 2543 912 pug-

328 935 545 977 nantem
565 926 763 978 inducit
783 928 1059 990 luxuriam,
1080 928 1382 978 mereatoris
1406 929 1630 978 animum
1663 929 1714 977 in
1750 929 1956 978 diversa
1994 930 2284 978 trahentem
2309 933 2423 990 1⁶3,
2456 927 2545 992 qui

329 1008 509 1073 niiser,
532 1008 784 1057 alterutro
803 1008 930 1057 vitio
952 1008 1236 1071 declinato,
1255 1011 1308 1059 iu
1329 1010 1551 1061 alterum
1577 1010 1901 1074 precipitem
1941 1025 1996 1060 se
2017 1010 2307 1061 necessario
2327 1010 2543 1059 daturus

329 1090 419 1140 sit..
443 1093 559 1139 160.
621 1089 741 1140 Jam
764 1089 831 1139 ad
855 1090 1004 1139 aliam
1028 1091 1418 1141 similitudinem
1444 1092 1656 1154 transit,
1678 1092 1745 1140 al»
1766 1098 1973 1141 amante
1996 1092 2168 1155 aliquo
2192 1094 2433 1153 sumtum,
2454 1090 2543 1154 qni

326 1168 623 1223 ,valedicere
657 1171 837 1220 amicae
862 1185 981 1220 eum
1004 1172 1143 1235 apud
1166 1173 1386 1223 animum
1406 1173 1669 1236 statuerit,
1707 1172 1844 1223 illico
1866 1172 1932 1222 ad
1954 1187 2067 1222 eam
2092 1172 2304 1235 pristina
2325 1171 2544 1222 caritate

328 1250 640 1301 retrahatur.
676 1255 788 1300 169.
858 1252 1057 1303 Quibus
1082 1254 1234 1303 rebus
1259 1262 1514 1305 monstrat
1541 1255 1757 1318 Noster,
1799 1268 1864 1304 ne
1898 1255 2042 1303 illum
2079 1253 2285 1318 quidem
2325 1251 2546 1301 liberum

329 1346 464 1394 esse,
492 1331 595 1396 ·qui
631 1331 899 1396 imperium
922 1333 973 1381 in
998 1334 1123 1384 vitia
1144 1334 1211 1384 ad
1237 1340 1441 1400 tempus
1464 1350 1714 1385 exercere
1738 1334 1901 1399 possit
1936 1338 2050 1397 175,
2083 1333 2244 1383 multo
2264 1332 2430 1381 minus
2455 1346 2546 1383 cos

1224 377 1507 429 sArlltA
1530 402 1534 406 ·
1558 381 1625 426 V.

316 1412 631 1462 ‘libertatem
670 1418 850 1461 nactos
892 1414 1177 1464 censendos
1200 1430 1330 1475 esse,
1371 1430 1499 1479 quos
1522 1414 1803 1465 ambitione
1820 1413 2263 1480 'religionibusque
2288 1427 2383 1477 per
2404 1411 2547 1461 vices

334 1493 592 1542 excitatos
616 1492 953 1559 turbatosque
978 1508 1183 1559 semper
1202 1495 1596 1559 conspiciamus.

335 1886 711 1978 VATmus
740 1912 849 1978 hic
873 1932 1021 1977 mos
1049 1918 1171 1992 est,
1202 1918 1459 1978 centum
1490 1913 1623 1978 sibi
1653 1932 1926 1997 poscere
1953 1931 2177 1989 voce&

335 2012 620 2078 Centum
660 2033 799 2093 ora,
849 2019 915 2078 et
958 2015 1215 2098 linguas
1244 2021 1475 2099 optare
1504 2018 1573 2081 in
1601 2017 1895 2080 carmina
1926 2020 2209 2091 centum,

406 2204 482 2254 Eo
501 2210 572 2254 est
592 2206 868 2255 consuetudo
888 2205 1071 2268 Po‘e‘ts's,
1089 2205 1183 2254 sibi
1211 2210 1436 2269 exoptare
1455 2210 1675 2255 centenus
1711 2220 1859 2269 uoces,
1894 2219 1977 2253 orn
2014 2208 2225 2265 centeno,
2252 2207 2299 2252 et
2333 2206 2551 2252 centenas

336 2268 528 2331 linguas
545 2271 596 2320 in
612 2285 773 2319 versas
788 2284 1063 2334 apost-eru
1090 2270 1190 2319 sive
1206 2276 1505 2334 componatur
1516 2270 1576 2319 ab
1592 2271 1660 2319 eis
1684 2271 1941 2333 Trogoedio
1963 2268 2022 2319 ab
2040 2269 2268 2318 histrione
2290 2268 2422 2316 tristi
2440 2281 2545 2330 pro·

1268 2412 1535 2434 ”0600000
1541 2412 1627 2432 ΟΝ

1008 2515 1041 2562 2
1076 2511 1317 2563 Carmine
1344 2514 1445 2563 Ms.
1469 2514 1533 2564 R.
1553 2520 1613 2563 et
1635 2514 1737 2564 Ms.
1762 2512 1882 2563 Gal.

1333 2658 1559 2710 NOTAE

405 2772 432 2817 1
477 2766 699 2831 Vatibus]
761 2768 909 2818 Soita
926 2775 984 2819 ct
1001 2769 1210 2833 elegans
1230 2769 1284 2818 in
1301 2768 1404 2833 pri·

341 2843 442 2894 mis
486 2844 598 2894 baec
636 2845 808 2894 Satira
846 2845 973 2894 duas
1014 2846 1173 2896 habet
1210 2854 1402 2909 partes.

339 2919 404 2970 Iu
439 2920 598 2984 priori
631 2920 755 2985 qnid
791 2920 982 2970 debeat
1011 2922 1243 2972 Cornuto
1275 2935 1403 2985 pq.»-

342 2995 544 3059 ceptori
573 2994 867 3046 luculenter
900 3005 956 3046 et
989 2994 1217 3047 officiose
1251 2995 1406 3060 proti-

342 3077 486 3122 tetur
506 3073 731 3122 Persius.
796 3072 860 3123 In
896 3075 1081 3133 altera,
1115 3072 1352 3121 nimirum
1375 3086 1405 3121 a

342 3161 490 3197 versu
529 3152 611 3198 ⁷⁸.
647 3149 699 3197 in
740 3163 841 3213 quo
878 3163 1001 3198 vera
1038 3149 1250 3198 libertas
1285 3163 1406 3199 con·

340 3225 509 3287 sistat,
550 3227 782 3290 graviter
821 3227 1079 3290 explicat:
1136 3233 1295 3291 atque
1340 3240 1404 3276 ex

343 3301 539 3365 placito
573 3302 861 3351 Stoicorum
896 3303 1106 3367 egregie
1136 3303 1319 3352 asserit
1341 3318 1410 3351 so-

342 3382 438 3430 Ιιιιι
453 3382 712 3445 sapientem
731 3380 925 3430 liberans
946 3396 1057 3431 esse.
1126 3381 1277 3433 Quod
1299 3380 1410 3431 fere

343 3458 483 3509 idem
525 3457 853 3508 asseverabat
892 3459 1179 3522 Apostolus
1216 3459 1411 3507 Paulus

342 3549 457 3585 cum
482 3534 584 3584 ait:
633 3533 853 3598 quisae-it
866 3540 1128 3598 peccatum,
1154 3549 1315 3584 seruus
1344 3539 1414 3584 est

338 3611 539 3674 menti.

408 3687 742 3750 flios-osae,
773 3686 880 3750 hx]
967 3686 1150 3737 Po'etae
1173 3685 1412 3735 nimirum

347 3762 517 3827 Epici,
540 3764 663 3827 quin
684 3769 739 3812 et
762 3763 1011 3813 Oratores
1031 3761 1309 3825 interdum,
1332 3776 1411 3811 so·

343 3839 456 3890 lent
490 3854 554 3891 ea
596 3840 764 3905 figura
805 3843 904 3903 uti,
963 3841 1164 3905 quoties
1215 3839 1411 3903 grande

347 3916 616 3981 quidpiam
648 3924 740 3967 aut
772 3917 986 3967 arduum
1020 3917 1202 3966 volunt
1236 3916 1406 3980 expri-

346 4010 509 4046 mere.

350 4116 358 4126 .
414 4073 614 4123 Cenem
633 4073 727 4122 sibe·
745 4088 937 4137 poscere
954 4087 1104 4135 voces,
1125 4070 1234 4134 ξω]
1302 4071 1411 4120 Ho-

349 4164 519 4200 merus
543 4150 697 4200 lliad.
734 4163 798 4200 ιι.
855 4149 951 4198 οὔδ’
978 4149 1027 4197 εἴ
1054 4167 1134 4210 μοι
1174 4145 1290 4197 δέκα
1323 4144 1413 4207 μὲν

348 4228 586 4291 Jahn,
619 4224 750 4295 oeten·
765 4223 818 4276 B)
848 4223 1051 4287 στόματ’
1080 4222 1190 4276 εἶεν.
1236 4223 1412 4274 ¹Hunc:

1481 2779 1689 2821 secutus
1725 2770 1942 2821 Hostius
1985 2766 2155 2818 Poeta
2186 2765 2276 2815 lib.
2311 2777 2370 2814 n.
2415 2764 2555 2815 Belli

1483 2847 1676 2910 latrici,
1711 2848 1798 2913 (ut
1832 2845 1998 2897 refert
2038 2841 2354 2903 Macrobius,
2373 2841 2549 2892 Satur-

1482 2925 1586 2972 nal.
1610 2924 1702 2972 lib.
1729 2937 1805 2973 vr.
1832 2938 1949 2987 cap.
1973 2918 2049 2985 3.)
2073 2919 2147 2969 sic
2170 2917 2323 2967 habet
2345 2933 2357 2966 ε
2395 2921 2410 2947 ‘
2430 2916 2551 2967 Non

1484 2999 1522 3047 si
1547 3000 1666 3049 mibi
1685 3000 1870 3063 linguae
1895 3000 2112 3048 Centum
2133 3002 2286 3060 atque
2307 3009 2399 3045 ora
2416 2994 2551 3044 sient

1486 3076 1723 3137 totidem,
1750 3090 2007 3141 vocesque
2031 3073 2288 3140 liquatae!
2356 3074 2552 3123 Postea

1484 3153 1666 3217 Virgil.
1686 3153 1930 3214 Georgic.
1968 3156 2019 3201 2.
2055 3151 2253 3215 pariter
2273 3157 2327 3199 et
2352 3147 2553 3199 AEueid.

1487 3234 1538 3279 6.
1569 3229 1704 3279 bunc
1725 3230 1945 3279 eundem
1971 3242 2172 3278 versum
2195 3227 2371 3285 habet,
2403 3225 2418 3253 ‘
2434 3227 2553 3276 Non

1491 3307 1614 3357 mibi
1657 3307 1698 3356 si
1738 3314 1949 3357 eentum
1990 3304 2180 3369 linguae
2205 3304 2328 3365 sint,
2360 3314 2555 3366 oraque

1491 3381 1736 3433 centum!
1805 3382 1917 3431 Hos
1940 3381 2026 3430 alii
2050 3380 2239 3443 passim
2261 3377 2469 3437 imitati,
2496 3382 2555 3425 ut

1488 3459 1582 3508 Sil.
1602 3459 1725 3508 Ital.
1749 3459 1839 3510 lib.
1860 3473 1936 3508 iv.
2002 3459 2017 3485 ‘
2034 3457 2155 3506 Non
2173 3454 2296 3504 mihi
2317 3451 2556 3501 Maeonioe

1494 3535 1674 3585 redeat
1694 3535 1736 3584 si
1761 3535 1924 3599 gloria
1944 3534 2151 3597 liuguae,
2191 3530 2556 3592 Centenasque

1492 3617 1647 3673 pater
1685 3610 1777 3659 det
1815 3609 2044 3658 Phoebns
2082 3618 2320 3667 rumpere
2364 3601 2557 3652 voces-⁹

1491 3685 1802 3736 Claudianus
1846 3684 1898 3732 in
1940 3680 2270 3744 Panegyrico
2313 3677 2559 3727 Probini:

1491 3763 1640 3812 ‘Non
1681 3762 1802 3811 mibi
1835 3759 2068 3810 centenis
2104 3761 2350 3806 resonent
2388 3755 2435 3804 si
2474 3768 2561 3812 vo·

1492 3839 1642 3888 cibus
1686 3836 1812 3887 ora.'
1879 3836 1967 3885 Sic
2008 3835 2164 3884 etiam
2190 3833 2464 3894 Oratores,
2501 3838 2561 3881 ut

1495 3913 1714 3967 Quintil.
1751 3914 1803 3962 in
1837 3911 1938 3961 fine
1960 3911 2195 3961 Declam.
2218 3915 2268 3961 6.
2333 3911 2349 3937 ‘
2368 3907 2561 3960 Omnia

1492 3989 1634 4041 licet’
1676 3987 1897 4055 (iuquit)
1930 3989 2060 4038 ‘buc
2096 4003 2398 4038 revocemus
2431 4000 2560 4050 pre·

1488 4067 1670 4129 terite,
1707 4072 1766 4115 et
1793 4066 1859 4114 ad
1883 4064 2138 4115 canendas
2177 4064 2326 4114 unius
2364 4062 2563 4124 laudes,

1492 4146 1847 4193 universorum
1903 4144 2094 4192 Vatum
2147 4141 2560 4204 scriptorumque

1492 4233 1585 4270 ora
1601 4217 1951 4281 consentiant,
1972 4216 2147 4267 vincet
2170 4221 2341 4265 tamen
2358 4211 2563 4261 nes-ista
