3050 4913
1208 393 1485 443 SA'rmA
1535 393 1652 443 111.

330 538 783 605 Contemnere.
871 538 1083 604 Sonat
1107 539 1340 604 vitium
1368 558 1714 621 percussa,
1744 540 2029 623 maligne

331 641 719 725 Respondet
746 642 946 706 viridi
976 661 1108 706 non
1134 647 1330 707 cocta
1357 642 1585 706 fidelia
1612 643 1794 705 limo.

327 743 555 807 Udum
582 749 647 806 et
674 744 870 807 molle
897 745 1105 808 lutum
1134 764 1230 822 οε,
1257 764 1433 808 nunc
1464 764 1637 809 nunc
1668 743 2152 828 properandu8‚
2181 747 2250 808 et
2276 742 2416 808 acri

329 844 706 928 Fingendus
735 846 877 909 sine
902 845 1029 909 fine
1055 853 1220 910 rota.
1309 845 1443 909 Sed
1473 866 1620 909 rure
1649 852 1929 928 paterno

327 947 451 1011 Est
476 948 598 1010 tibi
625 949 726 1012 sar
751 947 1112 1025 modicum,
1138 967 1374 1030 purum
1404 952 1470 1010 et
1492 948 1638 1010 sine
1668 948 1822 1011 labe
1853 946 2158 1023 salinum,

321 1047 544 1134 (Quid
570 1054 823 1112 metuas
839 1045 904 1132 Ἰ)
932 1049 1308 1132 cultrixque
1335 1044 1472 1112 foci
1504 1068 1741 1112 secura
1767 1048 2034 1131 patella.

327 1151 487 1215 Hoc
517 1153 728 1216 satis'l
775 1171 859 1215 an
888 1151 1119 1215 deceat
1150 1152 1529 1235 pulmonem
1559 1171 1863 1234 rumpere
1891 1151 2129 1228 ventiS,

2444 945 2538 1012 2⁵

330 1358 594 1424 Vasfictile
615 1358 778 1422 digito
797 1360 1037 1422 pulsatam
1056 1374 1166 1408 ωηο
1187 1361 1389 1408 asendit
1409 1359 1663 1420 defectam,
1690 1365 1736 1410 et
1762 1366 2000 1409 mmmm
2028 1359 2206 1422 arg-illa
2230 1376 2324 1410 non
2357 1363 2536 1412 receati

319 1424 481 1472 reddit
503 1424 729 1471 tinnitum
739 1422 973 1482 fructum.
1042 1425 1114 1473 Tu
1134 1440 1183 1472 es
1206 1426 1347 1473 velut
1371 1426 1511 1473 limus
1533 1427 1750 1474 humidus
1771 1429 1817 1473 et
1840 1424 2121 1486 tractabilis,
2130 1426 2336 1486 Junjam
2341 1426 2538 1501 fingen-

319 1490 428 1549 diu,
448 1493 497 1537 et
531 1488 698 1551 absque
732 1488 1077 1538 intermissione
1098 1487 1384 1548 formandus
1421 1497 1530 1538 rota
1566 1491 1842 1539 vehementi.
1907 1492 1978 1539 At
2000 1505 2060 1538 ea·
2081 1504 2201 1551 agro
2218 1495 2376 1553 patris
2396 1490 2540 1541 habes

305 1552 607 1612 frumentum
628 1557 782 1613 tenue,
805 1558 850 1602 ct
868 1569 950 1601 vas
964 1554 1079 1601 salis
1100 1556 1319 1602 mitandum
1333 1555 1435 1603 siue
1456 1553 1661 1613 defectu.
1723 1554 1958 1610 Quidnam
1981 1552 2184 1605 timeus?
2207 1554 2371 1603 Habes
2391 1556 2537 1604 etium

313 1619 534 1681 patinam
561 1622 715 1665 tutam
751 1617 928 1667 camini
965 1620 1283 1668 exc-ultricem
1352 1619 1538 1668 madae
1572 1617 1781 1684 sufficit?
1814 1619 1895 1669 An
1929 1621 2146 1668 decorum
2176 1625 2247 1668 est
2270 1622 2538 1683 pulmonem

1253 1745 1616 1765 “OOOOOOOO‘O

314 1824 542 1874 bendum
565 1827 875 1886 κερκώπη
908 1840 1059 1875 sonus
1080 1826 1299 1891 integra
1321 1833 1376 1877 et
1399 1828 1525 1876 vitio
1549 1825 1775 1876 carentis
1800 1832 1950 1875 testae
1974 1833 2057 1876 est
2079 1824 2182 1887 ὀξὺς
2203 1824 2280 1874 καὶ
2300 1825 2452 1890 τορὸς,
2477 1831 2538 1876 ut

317 1889 515 1939 dicitur
535 1891 589 1938 in
614 1891 917 1940 Graecorum
938 1892 1319 1941 commentariis
1361 1892 1427 1941 de
1465 1907 1519 1941 re
1561 1892 1755 1941 rustica
1778 1904 1853 1941 vl.
1876 1895 1925 1939 ³.
1949 1899 2003 1939 at
2039 1899 2194 1955 rupta
2221 1897 2359 1940 testa
2383 1897 2534 1941 sonat

318 1954 682 2017 maligue,hoc
705 1963 785 2005 est
809 1970 1024 2019 parvum
1048 1971 1259 2017 βοωπις
1295 1957 1368 2006 sic
1401 1957 1528 2005 ‘lux
1561 1955 1798 2020 maligna'
1842 1957 1980 2019 apud
2015 1956 2308 2019 Virgilium.
2359 1956 2540 2005 emu-

315 2019 427 2068 bon.
462 2019 769 2084 Tautologia
793 2021 1171 2083 quodammodo
1213 2022 1433 2084 tollitur,
1465 2022 1506 2070 si
1547 2036 1664 2071 cum
1710 2021 2015 2070 casaubono
2061 2021 2190 2083 legis
2229 2023 2540 2083 respondeus:

316 2097 500 2133 verum
523 2084 635 2147 ipso
657 2086 865 2146 maligne
886 2087 1167 2149 respondens
1188 2084 1353 2149 frigus
1392 2086 1603 2150 aliquod
1630 2086 1890 2136 inducitur
1911 2087 2045 2147 loco,
2065 2086 2152 2149 qui
2175 2084 2344 2134 forsan
2381 2100 2536 2135 sanus

320 2163 425 2196 nou
450 2155 559 2197 est:
596 2149 745 2213 cujus
778 2157 946 2198 tamen
988 2150 1247 2200 medicina
1286 2166 1386 2200 nou
1430 2154 1625 2215 absque
1666 2150 1817 2200 codd.
1864 2152 1989 2200 Mss.
2029 2151 2277 2199 tentanda
2317 2150 2538 2200 videtur.

318 2212 721 2275 Koenigias.—2³
756 2216 904 2263 lutum
941 2220 1010 2263 est
1045 2216 1149 2264 Ms.
1184 2217 1378 2265 R.-25
1414 2221 1459 2265 d
1501 2231 1675 2279 parum
1710 2216 1813 2265 Ms.
1847 2215 2095 2266 emh—26
2130 2215 2341 2264 Planior
2381 2215 2538 2267 lectio

1321 2343 1533 2393 Nom-2

384 2442 448 2489 21
488 2439 814 2504 Contemnere]
849 2442 1101 2494 Quoniam
1139 2441 1263 2491 nihil
1286 2439 1391 2491 affi-
1472 2447 1582 2491 tum
1610 2440 1674 2491 ab
1716 2439 2019 2506 Anacharsi‚
2056 2447 2191 2492 teste
2234 2442 2425 2504 Plinio,
2464 2441 2539 2491 in·

321 2516 397 2565 cit
418 2517 651 2567 homiues
687 2518 847 2580 magis
882 2534 1033 2584 quam
1068 2526 1390 2580 contemtus;
1473 2524 1703 2580 ventum,
1724 2534 1828 2583 quo
1851 2519 2171 2568 circumacto
2207 2518 2389 2567 fictilia
2411 2533 2537 2568 vasa

328 2593 464 2642 bunc
490 2594 648 2642 etiam
681 2593 864 2657 juveni
901 2609 1103 2643 moroso
1138 2593 1315 2657 objicit
1339 2601 1394 2645 et
1471 2593 1752 2658 finguntur.

318 2669 549 2719 minatur
571 2672 799 2733 prudeus
824 2669 1086 2733 magister.

384 2746 532 2796 Sonat
554 2745 749 2810 vitium]
785 2748 955 2810 Urget
978 2762 1073 2811 per
1097 2746 1387 2796 similitudi·

317 2836 458 2871 nem.
523 2822 669 2872 Sicut
693 2823 882 2872 tinnitu
906 2837 1061 2872 rauco
1085 2831 1140 2872 et
1163 2822 1386 2872 absurdo

318 2899 653 2963 cognoscitur
696 2898 824 2947 vasis
863 2897 1121 2962 defectus,
1160 2914 1276 2948 cum
1314 2898 1389 2947 di-

323 2974 435 3038 gito
458 2975 776 3038 percutitur:
814 2975 889 3024 sic
932 2982 988 3024 tu
1024 2989 1140 3024 cum
1165 2990 1196 3023 a
1219 2989 1300 3023 me
1321 2974 1387 3023 ad

316 3050 531 3100 meliora
569 3050 825 3113 incitaris,
859 3059 913 3103 et
956 3053 1100 3116 quasi
1142 3052 1388 3116 tangeris,

319 3130 535 3179 exhibes
553 3131 708 3180 animi
728 3131 908 3181 vitium
927 3138 983 3180 et
1005 3147 1217 3195 pravam
1236 3129 1391 3181 affec·

319 3205 533 3256 tionem.

382 3282 605 3344 Maligne
635 3283 901 3347 respondet]
938 3284 1266 3334 Contrarium
1289 3293 1389 3350 est,

315 3358 531 3408 Solidum
546 3365 726 3422 crepat,
745 3360 882 3425 quod
905 3362 1188 3411 videbimus
1206 3362 1318 3411 Sat.
1337 3377 1387 3413 V.

381 3437 445 3483 23
488 3434 643 3482 Udum
679 3440 725 3483 et
763 3436 899 3485 molle
922 3437 1071 3485 lutum
1094 3436 1164 3500 es]
1218 3437 1389 3488 Instat

317 3511 571 3574 magister
592 3528 605 3560 :
638 3519 871 3561 attamen
892 3514 989 3562 hac
1014 3521 1170 3563 aetate
1194 3530 1296 3580 qua
1317 3530 1389 3579 es,

316 3593 470 3649 potes
507 3587 767 3637 emendari
798 3589 919 3638 dum
958 3599 1107 3640 tener
1149 3607 1223 3654 es,
1249 3602 1303 3642 et
1336 3593 1388 3641 iu

317 3664 504 3712 melius
526 3662 823 3715 formariae
846 3665 1006 3728 fingi;
1040 3668 1080 3716 si
1116 3668 1267 3718 ruodo
1305 3684 1390 3733 ge-

316 3753 433 3790 rere
464 3740 587 3790 mihi
621 3756 828 3791 morem»
854 3744 1096 3805 volueris,
1134 3751 1190 3793 et
1212 3745 1388 3795 subire

314 3814 644 3878 disciplinam
665 3817 791 3867 licet
817 3832 879 3866 ea
904 3818 1001 3867 tibi
1026 3820 1193 3882 prima
1214 3820 1387 3871 fronte

315 3891 452 3940 acris
470 3898 526 3940 et
548 3907 733 3955 aspera
753 3892 1010 3942 videatur.

383 3969 527 4018 Nm
548 3970 694 4033 nanc]
744 3972 809 4021 Id
847 3980 945 4037 est,
985 3974 1137 4024 modo
1178 3982 1233 4024 ct
1273 3976 1387 4024 sine

315 4060 479 4109 mora,
499 4046 618 4095 dum
643 4048 810 4099 adhuc
826 4050 1035 4114 juvenis
1060 4067 1137 4112 es,
1157 4068 1218 4101 ac
1246 4055 1389 4103 velut

314 4137 438 4171 cera
477 4137 570 4172 seu
617 4132 754 4175 testa
793 4127 980 4192 mollis,
1013 4129 1386 4194 cujuscumque

316 4197 498 4248 formae
523 4199 709 4263 capax.

378 4277 444 4326 2⁴
479 4275 632 4340 Rota]
654 4275 946 4340 Figulinum
970 4283 1052 4328 est
1075 4277 1390 4332 instrumen-

1539 2670 1636 2720 Sed
1671 2685 1780 2719 rure
1815 2668 2039 2734 paterno]
2086 2663 2376 2732 Prolepsis.
2443 2668 2538 2732 At,

1470 2747 1691 2812 inquies,
1714 2747 1841 2812 quid
1881 2760 2010 2809 opus
2054 2759 2136 2795 me
2179 2745 2439 2794 laboribus
2477 2759 2537 2796 ac

1467 2825 1656 2889 vigiliis
1680 2823 1918 2888 fatigare,
1954 2837 2070 2872 cum
2110 2822 2298 2887 possim
2327 2821 2537 2871 beatam

1467 2916 1528 2951 ac
1556 2901 1883 2966 tranquillam
1920 2899 2081 2949 vitam
2121 2913 2293 2962 agere,
2320 2906 2537 2950 conteu-

1470 2982 1556 3025 tus
1581 2975 1741 3039 partis
1760 2975 1858 3024 etsi
1882 2973 2225 3023 mediocribus
2250 2973 2476 3024 divitiis?

1535 3056 1598 3100 25
1637 3051 1739 3100 Far
1775 3049 2031 3112 malcum]
2064 3048 2337 3100 Sufficiens
2371 3049 2538 3101 fortu-

1468 3143 1553 3191 na,
1576 3128 1702 3177 licet
1721 3127 1939 3177 modica.

1536 3204 1742 3269 Puram]
1772 3204 1876 3254 Seu
1919 3201 2163 3253 muudum
2203 3210 2260 3254 et
2298 3202 2536 3267 nitidum,

1468 3294 1558 3330 seu
1583 3280 1854 3344 quaesitum
1873 3280 1983 3328 sine
2007 3280 2145 3330 dolo.
2519 3291 2524 3298 ’

1537 3354 1775 3418 Salium]
1813 3355 1919 3405 Pro
1943 3357 2174 3419 qualibet
2204 3356 2538 3420 supellectili.

1535 3439 1601 3484 26
1637 3435 1920 3497 Cauri-‘eque
1950 3433 2077 3498 soci]
2121 3434 2186 3483 ln
2229 3432 2342 3484 foco
2378 3436 2538 3484 Lares

1469 3511 1790 3561 colebantur.

1534 3587 1710 3636 Secum
1745 3588 1941 3652 patella]
1983 3587 2189 3647 Patella,
2231 3602 2320 3637 vas
2362 3604 2391 3638 e
2435 3603 2537 3654 quo

1467 3662 1739 3712 libationes
1758 3664 1872 3712 Diis
1890 3662 2103 3711 Laribus
2125 3661 2188 3709 ad
2213 3661 2381 3712 focum
2406 3663 2542 3714 fere,

1471 3739 1662 3790 bantur
1684 3759 1697 3801 ;
1723 3755 1902 3799 secura,
1919 3739 2040 3804 quia
2060 3739 2374 3790 domesticos
2396 3743 2538 3792 Deos

1468 3816 1705 3880 religiose
1741 3816 1915 3865 colens
1955 3815 2252 3879 praesidium
2291 3818 2357 3867 ab
2391 3819 2450 3868 iis
2482 3829 2539 3871 et

1467 3891 1808 3957 patrocinium
1835 3890 1932 3938 sibi
1956 3890 2254 3954 pollicetur.

1535 3973 1597 4018 27
1624 3969 1732 4017 Hoc
1753 3966 1893 4030 sutis]
1930 3966 2145 4016 Refellit
2161 3969 2407 4034 magister
2430 3970 2536 4022 dic·

1473 4051 1530 4095 ta
1553 4044 1810 4109 discipuli.

1539 4123 1813 4171 Pulmonem
1849 4120 2087 4183 rumpere]
2135 4120 2254 4170 Prae
2299 4122 2539 4187 superbia

1471 4205 1525 4249 et
1565 4196 1736 4246 fastu:
1774 4196 1841 4245 ob
1878 4195 2201 4252 nobilitatem
2237 4204 2293 4246 et
2327 4213 2538 4250 censum

1469 4289 1629 4341 supra
1650 4271 1857 4323 modum
1879 4279 1936 4322 et
1957 4273 2134 4336 inepte
2159 4270 2343 4323 inflari.
