3050 4913
468 302 675 403 ¹3⁹⁴>
1146 315 1531 366 Racnusus
1577 315 2005 365 animm-tun

471 480 591 542 que
627 474 913 540 arrogem,
965 457 1187 539 ubique
1233 458 1352 517 fere
1396 468 1457 518 et
1497 457 1806 518 citavimus
1855 467 1918 517 et
1963 455 2342 530 adduximus,
2384 460 2469 519 ita
2510 469 2578 520 ut
2616 471 2681 521 et

467 560 634 619 illum
690 557 980 637 integrum
1032 557 1229 628 etiam,
1285 556 1385 615 sed
1443 564 1814 616 contractum
1868 555 2054 634 quasi,
2102 554 2445 616 exhibeam:
2506 567 2572 617 ut
2617 570 2683 618 et

475 654 764 716 Farnobii
802 662 975 713 notas
1012 654 1186 712 etiam
1231 655 1481 730 integras
1519 652 1745 711 damus.
1831 651 2063 711 Interim
2097 653 2147 712 si
2193 672 2328 730 quae
2355 653 2490 714 loca
2529 656 2682 714 inci-

470 752 697 823 derent,
743 771 877 831 quae
905 757 965 812 et
992 751 1243 829 plurima
1270 761 1423 821 sunt,
1470 750 1572 810 ubi
1609 771 1725 810 non
1766 751 1903 811 satis
1933 751 2090 810 clare
2117 760 2368 811 mentem
2398 752 2686 812 Auctoris

471 848 722 909 assecuti
776 847 861 907 illi
913 857 1067 919 sunt,
1136 847 1286 908 alios
1340 847 1734 926 suggessimus
1786 847 2280 927 adduximusque,
2334 847 2436 927 qui
2490 848 2684 908 vicem

472 966 674 1007 eorum
718 945 1094 1025 supplerent:
1153 945 1303 1004 inter
1344 965 1492 1022 quos
1536 943 1835 1022 praecipue
1860 942 2276 1014 Britannicus,
2324 944 2690 1026 Grangoeus,

476 1044 798 1120 Turnebus,
853 1042 1194 1112 Salmasius,
1253 1042 1472 1119 aliique
1529 1041 1886 1118 complureS,
1938 1041 2260 1118 praesertim
2315 1042 2423 1102 Ιιαο
2466 1050 2687 1121 qum-ta

474 1142 804 1209 Editione5
846 1157 1097 1221 quorum
1126 1141 1458 1218 catalogum
1500 1149 1639 1217 post
1676 1139 2076 1217 praefationem
2105 1138 2502 1217 adjunximus.
2584 1140 2686 1216 (In

476 1260 547 1300 eo
589 1248 869 1318 praeterea
913 1238 1227 1297 laudantur
1267 1237 1556 1308 Alciatus,
1579 1238 1775 1311 Alex.
1805 1237 1881 1296 ab
1927 1234 2291 1305 Alexandro,
2323 1237 2680 1308 Brissonius,

473 1336 777 1409 Brodaeus,
807 1334 1088 1405 Budaeus,
1117 1335 1424 1406 Cauterus,
1462 1333 1832 1403 Calderinus,
1861 1333 2085 1405 Carrio,
2114 1328 2334 1403 Delrio,
2366 1334 2687 1407 Dorleans,

471 1437 703 1506 Douza,
754 1434 1054 1502 Erasmus,
1100 1432 1414 1501 Ferrarius,
1464 1432 1726 1504 Flavius,
1778 1430 2102 1510 Gyraldus,
2144 1433 2375 1503 huius,
2428 1432 2688 1511 Lipsius,

473 1532 731 1606 Magius,
805 1528 1218 1599 Manciuellus‚
1295 1529 1610 1600 MeursiuS,
1668 1530 1966 1599 Muretus,
2033 1529 2387 1600 Parrhasius,
2440 1529 2692 1599 Pierius,

475 1628 764 1697 Pithoeus,
796 1626 952 1697 Pius,
982 1625 1324 1697 Politianus‚
1354 1626 1729 1697 Pulmannus,
1776 1626 2163 1703 RhodiginuS,
2191 1626 2503 1704 Rigaltius‚
2531 1626 2691 1687 Rut-

474 1725 719 1802 gersius,
763 1723 1040 1801 Scaliger,
1090 1722 1339 1801 Schegk‚
1386 1726 1647 1803 Scoppa,
1690 1724 2042 1802 Stephanus,
2086 1724 2274 1795 Valla,
2322 1725 2692 1799 Vossius.)—

477 1823 586 1881 His
615 1819 909 1880 accedunt
936 1819 1057 1878 duo
1085 1818 1340 1891 Indices,
1370 1829 1494 1880 tum
1516 1840 1709 1880 rerum
1735 1831 1797 1881 et
1822 1821 2135 1880 verborum
2167 1821 2691 1899 locupletissimus,

474 1920 680 1995 (immo
721 1915 892 1975 valde
934 1933 1202 1998 mancus,
1250 1924 1312 1974 ct
1354 1915 1413 1973 in
1443 1936 1565 1994 quo
1608 1915 1788 1993 magis
1836 1916 1957 1976 fere
1985 1936 2199 1986 rerum,
2244 1918 2418 1977 etiam
2460 1937 2690 1990 earum,

478 2035 613 2093 qua:
656 2014 715 2072 in
766 2011 916 2071 notis
965 2019 1364 2088 exponuntur,
1412 2029 1590 2089 quam
1634 2011 1941 2072 verborum
1990 2013 2141 2074 ratio
2185 2013 2410 2086 habita)
2456 2024 2582 2073 tum
2622 2024 2693 2075 et

473 2116 807 2171 Auctorum
874 2107 933 2167 in
991 2107 1165 2168 Notis
1222 2108 1577 2169 citatorum.’
1659 2109 1806 2171 Haec
1874 2120 1967 2170 est
2020 2110 2292 2189 praefatio
2348 2111 2696 2184 Schrevclii,

476 2226 652 2288 quam
691 2203 997 2284 excipiunt
1040 2204 1157 2265 vita
1197 2206 1514 2274 Juvenalis,
1560 2226 1694 2285 quoe
1737 2208 1915 2287 vulgo
1955 2208 2235 2269 tribuitur
2276 2210 2578 2280 Suetonio,
2626 2218 2697 2269 et

477 2304 849 2367 Testimonia
890 2314 1150 2364 veterum
1194 2306 1548 2385 scriptorum
1592 2306 1667 2368 de
1709 2304 1918 2367 eodem
1959 2312 2158 2386 poeta.
2243 2308 2313 2367 In
2340 2316 2504 2367 textu
2544 2326 2696 2367 con-

477 2401 775 2465 stituendo
815 2399 1037 2461 felicior
1083 2401 1193 2462 fuit
1220 2402 1432 2477 editor,
1472 2404 1845 2484 (plerumque
1884 2404 2037 2465 enim
2081 2415 2319 2468 secutus
2361 2415 2449 2464 est
2488 2424 2698 2465 recen-

478 2503 699 2561 sionem
729 2497 967 2577 Rigaltii
1009 2497 1067 2558 in
1106 2498 1205 2559 ed.
1235 2501 1525 2579 Stephan.
1558 2517 1669 2562 111.
1712 2502 2054 2562 varietatem
2100 2521 2236 2563 vero
2278 2502 2545 2563 lectionis
2590 2502 2691 2563 vix

476 2599 736 2678 quinque
765 2594 854 2654 vel
882 2613 983 2654 sex
1023 2595 1171 2653 locis
1198 2597 1446 2669 notavit,
1491 2617 1601 2657 nec
1632 2598 1753 2659 fere
1781 2597 1890 2658 nisi
1919 2599 2010 2659 his
2038 2599 2257 2660 verbis:
2307 2599 2416 2659 alia·
2453 2598 2701 2679 legant)

478 2715 654 2774 quam
682 2695 740 2753 in
770 2691 1003 2753 delectu
1034 2701 1329 2754 notarum.
1415 2694 1649 2756 Scholia
1676 2705 1875 2757 autem
1904 2705 2101 2758 vetera
2139 2715 2299 2774 saepe
2347 2716 2453 2775 pro
2489 2694 2696 2756 lubitu

475 2804 535 2854 et
579 2807 881 2870 perperam
910 2787 1278 2849 emendavit:
1321 2797 1381 2849 et
1411 2799 1607 2851 tamen
1649 2792 1974 2854 Henninius
2010 2793 2242 2854 incaute
2284 2812 2419 2853 eum
2452 2801 2697 2853 secutus

472 2901 581 2951 est.
670 2888 741 2947 V.
769 2903 906 2964 sup.
933 2884 1011 2945 ad
1040 2885 1181 2946 edit.
1212 2885 1424 2950 Pithoei
1457 2904 1504 2949 1.
1535 2908 1591 2950 a.
1624 2897 1800 2953 1585.

1495 2983 1673 3049 1668.

562 3085 651 3144 D.
678 3078 857 3142 Junii
893 3076 1200 3141 Juvenum
1237 3088 1295 3141 et
1333 3080 1413 3142 A.
1457 3082 1670 3145 Persii
1709 3083 1915 3146 Flacci
1954 3082 2196 3164 Satyrae
2225 3104 2354 3146 cum
2389 3088 2699 3145 annotate.

486 3181 593 3243 ΤΙι.
627 3175 932 3249 Far-nabit,
962 3178 1420 3253 Amstelaedami,
1442 3183 1608 3262 typis
1627 3181 1728 3243 Jo.
1758 3182 1975 3257 Blaeu,
1996 3182 2285 3244 sumtibus
2308 3183 2699 3243 societatis—

488 3277 792 3343 12.1668.

1495 3376 1671 3445 1670.

564 3473 872 3536 Juvenum
911 3481 969 3535 et
1011 3474 1261 3536 Persius
1302 3483 1369 3534 c:
1402 3491 1464 3532 n.
1515 3473 1803 3534 Fan-nabit·
1847 3472 2091 3533 Amstel.
2126 3472 2294 3553 opud
2329 3472 2701 3534 Boomioe—

487 3572 791 3642 12.1670.

561 3670 697 3739 Qua
721 3670 867 3730 edit.
896 3689 1037 3731 usus
1060 3677 1152 3731 est
1180 3668 1533 3730 Heuuinius.

1502 3764 1679 3835 1671.
2075 3809 2086 3814 -

561 3861 654 3921 D.
684 3860 861 3920 lunii
899 3861 1210 3923 Juvenalie
1236 3869 1295 3920 et
1324 3861 1399 3921 A.
1435 3862 1642 3923 Persii
1672 3862 1768 3924 ΓΙ.
1799 3866 1934 3936 (nec
1974 3880 2091 3920 non
2120 3859 2426 3940 Sulpiciae)
2453 3857 2706 3938 Satyra

482 3975 550 4017 ιι·
604 3956 910 4018 doctorum
952 3959 1214 4020 virorum
1264 3957 1683 4020 emendatione.
1783 3957 2240 4031 Amsterodami,
2297 3958 2468 4039 typis
2523 3956 2705 4019 Dan.

484 4053 785 4124 Eluvirii,
813 4054 1140 4132 sumptibus
1169 4053 1660 4119 &cicutis—16.
1693 4052 1868 4125 1671.

565 4149 820 4229 Repetit.
852 4150 1004 4214 forte
1031 4149 1177 4212 edit.
1203 4171 1258 4213 a.
1292 4149 1472 4214 1651.
