3050 4913
508 346 597 412 78

1293 359 1364 407 A.
1412 356 1660 406 mmm
1711 356 1975 406 nsccl

510 504 684 584 Quae
715 511 901 589 pater
932 503 1246 569 adductis
1273 500 1529 566 sudans
1556 501 1816 567 audiret
1844 504 2112 568 amicis:

509 608 548 673 J
558 627 706 673 ure:
751 608 991 673 etenim
1022 607 1090 671 id
1124 623 1477 683 summum,
1509 604 1672 689 quid
1705 604 1938 669 dexter
1967 607 2152 670 senio
2181 605 2394 686 ferret,

505 751 734 815 proxim,
754 752 888 799 valde
910 750 1190 799 estimanda
1212 765 1241 798 a
1260 753 1543 812 preceptore
1561 761 1739 809 aet-ero,
1762 763 1866 812 qua·
1895 763 2069 811 pareas
2091 763 2235 798 meus
2271 752 2483 798 :adorent
2505 750 2725 801 emittens

510 817 797 865 annueret
833 816 1098 864 convocatis
1128 814 1473 875 familiaribus.
1542 814 1674 863 Nan
1710 816 1829 862 illud
1861 814 2029 863 nerito
2059 815 2347 878 precipuum
2378 820 2484 864 erat
2517 815 2643 866 mihi
2673 818 2729 866 ia

1447 924 1805 943 eeoeeeoneee

512 991 647 1045 Edd.
706 993 907 1042 Discere
939 991 998 1042 ab
1037 994 1228 1043 insano:
1273 992 1335 1043 C.
1371 992 1532 1042 habet
1578 993 1734 1042 dicere
1773 997 1820 1041 et
1866 992 2178 1041 insnum—⁴8
2230 1006 2404 1040 um
2447 992 2551 1041 Ms.
2600 993 2721 1043 Gal.

1509 1105 1722 1155 No‘rAE

514 1196 672 1248 Forte
713 1202 770 1246 et
810 1196 1077 1247 Juvenalis
1122 1195 1197 1245 ait
1237 1195 1321 1243 bic
1366 1194 1582 1245 Catonia
1662 1194 1754 1244 ciis
1788 1195 1915 1244 nihil
1954 1209 2055 1244 non
2080 1194 2310 1259 tentabo,
2342 1194 2591 1245 nihiinon
2625 1209 2730 1244 mo·

514 1272 677 1323 verba
728 1273 949 1321 multum
1005 1271 1265 1322 laudanda
1313 1285 1344 1319 a
1385 1273 1581 1335 Magis·

514 1355 617 1409 tro,
685 1355 743 1397 nt
781 1362 942 1411 puero
999 1348 1193 1398 animos
1247 1347 1464 1398 adderet
1517 1362 1580 1397 ae

510 1425 765 1475 stimulos:
788 1438 924 1485 nam,
940 1431 999 1473 nt
1022 1425 1094 1473 ait
1112 1424 1274 1474 ovid.
1289 1426 1304 1452 ‘
1330 1423 1581 1474 Laudata-

513 1516 615 1566 que
656 1500 822 1551 virtus
881 1501 1107 1561 Crescit;
1156 1508 1212 1550 et
1271 1502 1574 1550 immensum

517 1579 682 1644 gloria
703 1579 873 1627 calcar
895 1577 1089 1626 habet!

574 1658 639 1705 47
692 1655 812 1710 Quoe
842 1659 980 1718 pater
1016 1653 1254 1716 adductis]
1300 1654 1574 1705 Declama-

510 1731 638 1782 bant
656 1731 801 1793 pueri
820 1738 970 1779 sexta
982 1745 1183 1795 quaque
1202 1729 1573 1794 die,praesente

513 1815 679 1873 patre,
702 1808 789 1871 qui
826 1810 1019 1857 amicos
1050 1814 1106 1857 et
1140 1813 1385 1871 cognatos
1417 1807 1468 1855 in
1503 1809 1576 1856 lu·

512 1885 634 1934 dum
656 1892 956 1949 corrogatos
974 1883 1265 1934 adducebat
1284 1882 1349 1933 ad
1371 1884 1576 1934 audien·

510 1960 633 2011 dum
672 1960 851 2012 filium.
920 1961 1053 2010 Vide
1088 1961 1305 2013 Quintil.
1341 1974 1400 2010 ιι.
1439 1964 1486 2010 7.
1521 1968 1578 2011 et

513 2051 574 2088 x.
596 2043 645 2086 5.

575 2113 783 2178 Saddar]
831 2114 951 2162 Prae
991 2111 1194 2175 laetitia,
1234 2119 1290 2162 et
1333 2119 1577 2176 expecta·

509 2187 653 2238 tione
675 2189 875 2239 solicita
895 2197 1114 2238 eventus
1140 2190 1478 2239 recitationis.

573 2270 640 2316 48
660 2266 807 2331 Jare]
839 2265 1063 2319 Quidam
1086 2267 1169 2317 hic
1191 2274 1436 2330 separant
1461 2281 1573 2315 sen-

510 2356 648 2391 snm:
683 2342 768 2391 alii
803 2343 1035 2407 jungunt
1078 2358 1259 2393 vocem
1297 2343 1429 2393 hanc
1454 2359 1572 2393 cum

509 2419 861 2484 sequentibus.
949 2421 1165 2472 Utrovis
1217 2421 1369 2471 modo
1419 2421 1578 2486 legas,

511 2495 727 2559 perinde
767 2502 875 2557 ωας
926 2511 1131 2561 semper
1164 2497 1297 2545 enim
1324 2498 1573 2560 puerilem

511 2584 715 2621 sensnm
754 2573 1157 2635 animadvertes,
1180 2574 1268 2638 qui
1311 2573 1434 2622 nibil
1477 2573 1576 2622 sibi

507 2648 644 2698 tanti
668 2650 1047 2710 aestimandum,
1070 2651 1227 2699 immo
1254 2659 1358 2699 tam
1403 2650 1572 2712 legiti-

509 2737 648 2772 mum
687 2723 813 2772 nihil
857 2724 1141 2785 existimat,
1161 2740 1313 2788 quam
1351 2725 1574 2787 pueriles

508 2811 662 2848 nosse
685 2797 830 2848 ludos
854 2799 921 2848 ad
945 2800 1204 2863 amussim,
1236 2799 1575 2864 ludorumque

512 2873 677 2938 leges.

579 2950 711 3006 Quid
745 2953 912 3001 dexter
946 2951 1075 3001 senio
1099 2951 1277 3016 ferret,
1313 2951 1450 3001 Scire
1469 2956 1576 3001 erat

509 3026 562 3074 ia
603 3027 734 3091 volo]
790 3028 1066 3092 Praecipua
1111 3029 1229 3078 mihi
1275 3043 1574 3093 summaque

510 3111 627 3153 erat
669 3118 815 3165 cura,
847 3105 980 3154 scire
1023 3104 1146 3170 quid
1184 3113 1419 3167 noceret,
1448 3104 1574 3170 quid

510 3178 781 3244 prodesset
824 3180 875 3229 in
921 3181 1041 3230 ludo
1081 3180 1315 3230 talorum.
1420 3180 1575 3230 Libet

508 3254 819 3318 investigare
856 3255 971 3319 quis
1025 3256 1173 3319 hujus
1221 3256 1327 3306 ludi
1380 3256 1573 3320 primus

511 3337 712 3381 auctor.
784 3332 885 3381 Hic
927 3333 1123 3381 sustine
1167 3347 1247 3380 me
1303 3333 1575 3393 tantulum,

509 3405 644 3457 bone
668 3407 851 3457 lector.
919 3409 1223 3471 Quanquam
1248 3408 1381 3457 enim
1405 3409 1574 3471 pruri-

508 3483 619 3534 enti
658 3484 967 3548 ardentique
989 3484 1123 3547 stylo
1146 3483 1353 3533 modum
1376 3497 1571 3546 ponere

511 3574 573 3609 ac
611 3558 825 3609 frenum
849 3559 1065 3624 injicere
1090 3560 1357 3620 consuevi,
1379 3567 1435 3608 at
1461 3560 1573 3623 jam

510 3635 767 3686 exultanti
809 3650 904 3699 per
923 3650 1176 3685 amoenum
1210 3649 1449 3699 campum
1484 3637 1577 3682 las·

509 3710 829 3775 civientique
872 3712 1096 3762 habenas
1140 3711 1329 3761 laxabo
1386 3712 1575 3775 paulis·

507 3800 624 3849 per.
688 3788 827 3835 Ecce
852 3802 973 3836 vero
996 3787 1156 3852 (quod
1176 3788 1397 3836 faustum
1422 3786 1571 3836 felix-

509 3874 613 3926 que
635 3860 728 3922 sit)
776 3863 900 3911 Dux
936 3863 1249 3925 Burgundiae
1292 3864 1449 3912 natali
1484 3863 1570 3912 die

509 3936 609 3985 toti
652 3936 839 3986 Gallim
879 3937 1064 3988 festiva
1107 3954 1345 4002 mappam
1392 3941 1571 3990 mittit.

510 4012 653 4076 Ergo
694 4021 877 4075 aperto
916 4013 1082 4062 stadio
1126 4015 1288 4063 libere
1331 4014 1572 4065 decurra-

509 4103 639 4139 mus.
725 4090 820 4151 Tu,
866 4089 1047 4148 lector,
1090 4090 1294 4138 interim
1339 4090 1462 4139 sede
1516 4091 1572 4140 in

508 4174 803 4229 scammate,
847 4166 915 4215 sis
959 4165 1116 4215 etiam
1155 4165 1496 4230 Aristarchus,
1531 4169 1576 4216 si

507 4241 678 4293 lubet:
714 4256 957 4306 ego‘sane
983 4250 1087 4292 tam
1104 4240 1381 4293 fortunatis
1402 4245 1574 4310 auspi·

1661 1272 1776 1333 liar,
1800 1271 2135 1334 Agonotheta
2175 1272 2368 1335 Magno
2404 1272 2570 1335 Rege,
2600 1272 2729 1322 Del-

1663 1347 1924 1413 phinoque
1949 1348 2297 1398 Serenissimo.
2331 1347 2480 1408 Quis,
2501 1349 2727 1412 inquam,

1661 1426 1882 1473 talorum
1901 1425 2172 1473 inventor?
2220 1423 2286 1472 Id
2304 1432 2547 1487 arrogant
2569 1430 2728 1487 atque

1661 1500 1952 1550 atttibuunt
1986 1500 2072 1548 alii
2101 1500 2231 1560 aliis,
2254 1499 2493 1563 inquiunt
2516 1499 2729 1548 nonnul·

1654 1577 1690 1624 li
1714 1592 1728 1635 ;
1768 1577 1922 1626 Plato
1951 1576 2145 1626 'l'heuti
2173 1575 2533 1641 AEgyptiorum
2570 1576 2722 1625 Deo:

1655 1652 1925 1702 Palamedi
1985 1653 2289 1702 Eustathius
2350 1660 2506 1717 atque
2550 1653 2727 1702 Philo-

1654 1734 1881 1778 stratus:
1942 1728 2099 1792 Lydis
2144 1728 2460 1780 Herodotus,
2526 1730 2724 1778 Verum

1654 1805 1915 1855 enimvero
1954 1805 2095 1870 ipsos
2152 1805 2410 1855 Auctores
2463 1805 2728 1863 adeamus,

1655 1880 2049 1944 audiamusque:
2087 1896 2252 1945 neque
2278 1880 2391 1945 plus
2410 1881 2534 1930 satis
2553 1880 2725 1930 Inter·

1656 1958 1890 2025 pretibus
1914 1957 2043 2006 fides
2078 1957 2351 2007 habeatur.
2422 1956 2726 2006 Herodotus
2823 1994 2826 2005 r

1656 2032 1767 2096 (cui
1803 2048 1884 2084 me
1929 2032 2198 2097 astipulari
2236 2034 2409 2082 statim
2450 2030 2725 2097 profiteor)

1655 2107 1849 2159 diserte
1882 2107 2121 2171 affirmat,
2159 2116 2393 2172 tempore
2439 2108 2591 2173 Atyis
2631 2107 2726 2157 filii

1659 2185 1834 2235 Manis
1873 2186 2055 2250 Regis,
2090 2191 2357 2249 grassante
2399 2199 2611 2233 annouae
2637 2198 2724 2247 pe-

1656 2263 1817 2326 nuria,
1849 2262 2019 2327 Lydos
2059 2262 2315 2312 invenisse
2357 2261 2578 2310 omnium
2616 2260 2725 2324 qui-

1653 2338 1771 2387 dem
1810 2338 2048 2388 ludorum
2092 2352 2301 2402 genera,
2341 2344 2565 2399 excepto
2602 2350 2724 2398 uno,

1654 2416 1720 2467 ad
1760 2415 2137 2467 discutiendam
2169 2429 2354 2479 nempe
2389 2412 2607 2463 samem:
2648 2413 2726 2463 ita

1656 2502 1714 2544 ut
1754 2494 1924 2543 altera
1962 2493 2045 2542 die
2089 2492 2184 2542 toti
2231 2491 2424 2542 lusibus
2463 2491 2725 2554 occupati,

1656 2570 1821 2620 altera
1862 2585 1982 2619 vero
2022 2569 2189 2619 cibum
2232 2570 2517 2631 capientes,
2563 2567 2722 2615 vitam

1654 2652 1936 2711 utcumque
1972 2646 2315 2695 sustentariut
2339 2644 2484 2692 annis
2528 2643 2721 2692 duode-

1654 2723 1859 2786 viginti.
1926 2722 2012 2772 Sic
2061 2722 2147 2770 ille
2183 2720 2364 2769 scribit
2408 2720 2441 2768 l.
2477 2732 2513 2766 ι.
2554 2733 2605 2767 n.
2643 2722 2724 2768 26.

1652 2797 1964 2861 Ἐξσνρσθῆναι
1990 2797 2046 2855 δὴ
2065 2795 2178 2845 τότε
2217 2794 2294 2844 καὶ
2314 2798 2409 2843 τῶν
2437 2790 2613 2855 κύβων,
2647 2793 2725 2842 καὶ

1653 2877 1748 2922 τῶν
1791 2872 2123 2938 ἀστραγάλων,
2162 2872 2238 2922 καὶ
2279 2874 2363 2931 τῆς
2396 2870 2614 2935 σφαίρης,
2647 2870 2725 2920 nal

1656 2951 1820 3001 ἄλλων
1855 2949 2044 3000 πασέων
2064 2949 2316 3012 παιγνιέων
2333 2949 2396 2997 τὰ
2418 2949 2570 3011 εἴδεα,
2600 2948 2726 3007 πλὴν

1654 3030 1858 3077 πεσσῶν·
1905 3026 2086 3076 τούτων
2134 3026 2229 3090 γὰρ
2280 3026 2370 3084 τὴν
2416 3026 2597 3089 εὕρεσιν
2639 3025 2723 3075 οὐκ

1655 3103 1935 3163 οἱκηῖοῦντιιι
1967 3101 2120 3152 Λυδοί.
2192 3103 2324 3152 stac
2357 3103 2514 3164 igitur
2532 3102 2722 3151 intenta

1653 3188 1933 3231 tesserarum
1949 3199 2004 3232 ac
2021 3184 2222 3230 talorum
2240 3188 2287 3230 et
2304 3181 2416 3244 pita·
2442 3187 2722 3230 ceterorum·

1655 3274 1741 3322 que
1772 3260 1986 3308 ludorum
2030 3258 2236 3307 omnium
2282 3272 2480 3319 genera,
2525 3262 2725 3320 μητίσ-

1655 3351 1794 3399 quam
1827 3337 2139 3384 calculorum:
2205 3334 2371 3382 horum
2401 3332 2526 3380 enim
2564 3333 2723 3381 iacea-

1653 3413 1826 3459 tionem
1847 3411 1938 3458 ribi
1969 3425 2059 3459 aon
2097 3410 2340 3458 vindicant
2368 3409 2512 3474 Lydi.
2582 3410 2719 3459 Cave

1654 3494 1824 3535 autem
1850 3486 2141 3551 diligenter,
2157 3493 2216 3535 ut
2234 3487 2307 3535 sic
2332 3485 2517 3535 Latine
2535 3484 2721 3534 reddas

1655 3568 1856 3611 textum
1896 3562 2062 3621 hunc3
2111 3562 2329 3611 maxime
2370 3576 2494 3611 vero
2541 3574 2720 3610 vocem

1653 3639 1841 3685 πεσσῶν
1874 3637 1940 3686 de
1972 3638 2184 3686 calculis
2219 3638 2499 3701 intelligas,
2523 3653 2622 3686 non
2654 3635 2718 3686 de

1658 3713 1810 3771 talis;
1845 3719 1902 3761 ut
1943 3713 2240 3761 dormitanti
2278 3713 2441 3761 Vallae
2478 3712 2716 3777 contigit,

1653 3786 1773 3836 dum
1825 3787 2114 3850 elegantem
2159 3788 2323 3850 tnagis
2370 3802 2523 3851 qnam
2571 3801 2718 3836 accu-

1654 3873 1818 3915 ratam
1877 3866 2362 3928 interpretationem
2405 3865 2716 3915 elaboravit.

1653 3941 1800 3992 Quod
1827 3948 1882 3991 et
1906 3942 2068 3990 sensit
2116 3941 2372 3990 Heuricus
2408 3941 2720 4005 Stephanus,

1653 4018 1858 4082 ejusque
1899 4032 1998 4066 nou
2039 4017 2119 4066 bic
2162 4014 2492 4077 tantum‚sed
2528 4016 2716 4080 passim

1654 4107 1856 4142 errores
1903 4094 2213 4142 emendavit.
2281 4091 2483 4140 Veliam
2528 4090 2718 4141 fefellit

1655 4176 1716 4217 ut
1762 4178 1817 4218 et
1862 4170 1988 4218 alios
2024 4171 2338 4233 complures,
2376 4168 2515 4234 quod
2560 4182 2716 4219 voces

1653 4243 1768 4295 istae
1790 4242 1926 4302 κύβοι
1958 4242 2147 4309 renco),
2177 4243 2344 4303 κνβεία
2363 4241 2578 4308 πεττεία,
2596 4258 2712 4311 pm·
