3050 4913
390 323 554 387 xcvi

379 486 480 533 604
544 483 754 534 nomina
783 496 1049 533 servorum
1088 496 1193 533 non
1217 483 1456 548 agnoscit

383 563 437 610 x,
457 551 555 597 234
622 549 846 598 Nomina
862 548 1074 613 propria
1096 564 1235 612 sape
1253 554 1456 598 mutata

382 627 415 663 a
439 613 659 662 librariis
695 613 748 662 in
790 613 1129 677 appellativa,
1160 620 1215 664 et
1251 614 1366 663 haec
1402 614 1454 661 in

384 677 474 727 illa
499 678 568 741 vi,
588 683 684 727 295

452 743 573 792 Non
621 758 719 805 ego
762 741 975 792 credam
1020 741 1134 791 haec
1178 750 1284 793 cet.
1310 742 1347 804 i,
1389 747 1451 793 51

383 822 557 856 nonne
580 807 713 856 libet
735 806 770 868 i,
811 811 874 856 63
944 806 1110 868 vides,
1150 816 1344 872 quanto
1367 823 1455 858 ce-

384 872 616 922 lebretur
637 872 875 936 sportula
896 869 1039 920 fumo
1061 871 1134 934 iii,
1162 877 1261 921 249

453 938 610 986 Nona
632 943 762 986 aetas
794 935 1025 1001 (mundi)
1049 939 1225 996 agitur
1247 935 1357 995 xiii,
1390 940 1455 985 28

450 1000 698 1052 Nondum
743 1000 945 1051 habitas
969 1001 1006 1062 i,
1049 1005 1143 1050 114
1235 1001 1456 1051 barbato

383 1067 538 1128 Jove,
559 1066 786 1116 nondum
809 1066 1004 1131 paratis
1032 1066 1210 1130 jurare
1252 1065 1455 1116 Graecis

391 1133 440 1180 vi
485 1135 547 1180 15
594 1135 657 1180 16

449 1165 646 1246 ’Nortia
670 1195 785 1245 Dea
808 1210 861 1258 x,
882 1199 946 1245 74

453 1261 821 1311 Nosco—novi
840 1259 964 1308 nihil
988 1266 1171 1311 ventre
1204 1259 1455 1324 frugalius

386 1330 496 1386 v‚6
560 1325 707 1375 novit
744 1325 917 1374 omnia
939 1324 1014 1386 iii,
1049 1329 1113 1374 77
1181 1325 1306 1391 quid
1343 1332 1457 1375 toto

322 1387 347 1405 “”
387 1390 482 1440 fiat
504 1389 557 1439 iu
581 1390 726 1450 orbe,
767 1389 892 1454 quid
917 1391 1069 1439 Seres
1188 1397 1245 1439 nt
1269 1390 1459 1453 cetmi,

384 1459 483 1504 402
507 1470 586 1519 sq.
653 1470 756 1504 uon
795 1453 1089 1504 subducere
1150 1462 1347 1505 rustum
1373 1470 1457 1504 ca·

383 1519 1458 1634 Ξᾶῐῖἳὲ’ἐὲζέωιῗὲἐέἓᾰὲἐὶἰῑηῗέἳ2Ξῖ

676 1619 691 1645 2

388 1657 548 1714 atque
599 1648 772 1696 Mauri
808 1649 877 1706 vi,
919 1652 1014 1697 337
1106 1655 1324 1697 noverat
1369 1649 1458 1697 ille

389 1713 645 1763 luxuriam
671 1713 877 1774 imperii
897 1720 1125 1762 veterem
1147 1713 1218 1775 iv,
1241 1717 1335 1762 136
1371 1728 1459 1761 no-

390 1777 526 1827 verit
551 1784 609 1826 ut
632 1791 810 1826 omnes
858 1784 1097 1827 auctores
1121 1785 1222 1826 cet.
1247 1777 1336 1837 vii,
1361 1782 1454 1827 231

391 1840 597 1891 novisse
619 1843 767 1904 panis
792 1841 868 1891 tui
884 1843 1113 1892 colorem
1139 1858 1188 1903 v,
1205 1846 1267 1890 75
1308 1857 1460 1891 nosse

390 1906 553 1955 velint
572 1905 1112 1955 omnes—mercedem
1146 1907 1348 1956 solvere
1373 1922 1458 1956 ne·

393 1985 476 2021 mo
495 1970 690 2031 νίἱ,157
725 1984 895 2019 mores
919 1971 1028 2030 xiii,
1046 1974 1141 2020 159
1178 1972 1300 2033 jura
1321 1971 1376 2031 ii,
1395 1976 1460 2020 52

391 2034 656 2085 noscenda
672 2042 753 2084 est
772 2049 1012 2083 mensura
1035 2034 1131 2094 sui,
1153 2035 1460 2097 spectanda·

395 2114 497 2164 que
521 2097 676 2148 rebus
713 2099 766 2147 in
794 2099 1003 2148 summis
1037 2099 1368 2165 minimisque
1391 2100 1462 2162 xi,

461 2227 711 2277 Nostrum
768 2227 984 2290 placabo
1035 2227 1221 2280 Jovem
1246 2228 1339 2290 xii,
1394 2233 1486 2290 89,

397 2299 575 2342 nostra
595 2306 663 2340 ex
685 2293 869 2341 arbore
892 2307 1094 2342 mensas
1116 2292 1188 2355 xi,
1204 2296 1297 2342 117
1350 2308 1463 2343 nos·

397 2358 464 2407 tri
487 2364 546 2405 et
567 2357 714 2420 parvi
735 2356 896 2406 Lares
920 2356 991 2420 ix,
1006 2361 1100 2406 137
1166 2356 1232 2406 ad
1256 2365 1460 2408 nostros

396 2419 584 2472 festino
602 2435 656 2482 x,
677 2425 773 2472 273

467 2486 727 2536 Notabilis
748 2488 948 2537 cunctis
970 2487 1041 2550 vi,
1062 2492 1158 2539 374

462 2551 661 2601 Notavi
686 2559 938 2616 quantum
958 2552 1069 2617 ipse
1093 2569 1178 2616 xv,
1202 2558 1262 2604 45
1313 2558 1463 2603 notet

399 2632 514 2681 quae
555 2617 754 2666 Censor
777 2617 850 2679 ix,
893 2622 985 2668 142
1046 2627 1288 2668 notemus
1330 2633 1463 2681 prae·

398 2684 503 2731 mia
528 2695 664 2731 nunc
689 2681 792 2730 alia
813 2682 918 2746 xvi,
941 2686 1002 2731 35

469 2746 664 2795 Notum
687 2752 786 2808 est,
808 2761 901 2794 cur
923 2747 980 2806 ii,
1003 2751 1068 2795 58
1137 2747 1275 2810 Diis,
1297 2748 1463 2811 qualis

397 2808 573 2860 futura
612 2810 680 2859 sit
714 2825 845 2858 uxor
868 2824 920 2871 x,
963 2814 1059 2859 353
1127 2820 1253 2861 nota
1295 2813 1461 2876 magis

396 2875 524 2923 nulli
550 2874 749 2933 domus,
793 2889 948 2937 quam
985 2875 1109 2923 mibi
1132 2876 1275 2925 lucus
1297 2885 1402 2926 cet.
1425 2877 1462 2940 i,

397 2942 429 2987 7
511 2945 632 2987 nota
685 2943 799 2987 arte
824 2939 858 3000 i,
908 2942 1000 2988 123
1066 2946 1205 2989 notae
1256 2942 1459 2990 Manrae

397 3000 518 3067 quid
544 3002 684 3051 dicat
707 3002 876 3052 Tullia
900 3004 966 3062 vi,
990 3008 1086 3053 307
1154 3020 1249 3068 per
1269 3006 1463 3070 oppida

397 3067 580 3115 buccae
605 3066 677 3129 iii,
692 3072 754 3116 35
790 3069 901 3117 noti
923 3068 1093 3145 poetae
1117 3069 1206 3132 vii,
1229 3075 1259 3119 3
1311 3080 1461 3120 notos

396 3131 574 3180 haedos
599 3130 864 3181 desiderat
887 3148 960 3193 xi,
1002 3139 1094 3185 153
1161 3136 1333 3184 notior
1356 3135 1462 3185 Au·

399 3195 524 3245 lidio
548 3197 777 3247 moechns
801 3198 873 3254 ix,
892 3203 957 3246 25
1025 3199 1324 3248 notissimus
1343 3216 1461 3248 rum-

402 3261 616 3309 cborum
641 3261 707 3321 vi,
726 3266 792 3311 42
858 3262 1131 3311 notissima
1167 3262 1306 3313 fossa
1326 3264 1465 3314 inter

400 3324 629 3376 cinaedos
654 3326 709 3388 ii,
732 3331 791 3375 10
858 3334 981 3376 vota
1012 3329 1216 3377 cunctis
1255 3331 1465 3393 templis

409 3406 462 3454 x,
492 3394 555 3439 23

471 3453 690 3505 Novalia
714 3461 828 3505 tota
848 3456 1038 3505 abeant
1056 3457 1109 3505 in
1130 3466 1337 3507 ventres
1361 3459 1467 3521 xiv,

469 3585 728 3643 Noverca··
764 3591 969 3635 secreta
988 3586 1059 3647 vi,
1103 3591 1201 3636 403
1267 3585 1468 3637 Arche-

406 3650 538 3698 mori
562 3663 746 3699 nomen
770 3651 1092 3714 patriamque
1117 3652 1208 3715 vii,
1228 3655 1324 3701 234

472 3712 750 3763 Novercali
781 3716 973 3765 Lavino
997 3717 1089 3774 xii,
1110 3721 1172 3765 71

471 3777 719 3827 Novicius
751 3781 927 3831 horret
951 3781 1234 3831 Porthmea
1271 3788 1464 3831 tetrum

403 3841 480 3901 iii,
503 3845 598 3890 265
671 3845 718 3891 N
725 3845 914 3894 ovitius
950 3861 1015 3894 an
1057 3848 1250 3896 rectius
1275 3848 1467 3894 scriba-

401 3913 505 3964 tur,
523 3914 581 3955 ut
600 3915 654 3954 et
673 3908 933 3969 aedilitius,
950 3910 1264 3979 tribunitius,
1277 3911 1465 3959 adveu-

404 3970 570 4031 titius,
611 3972 871 4035 patritius,
904 3973 1122 4024 fictitius
1146 3983 1246 4024 cet.
1272 3975 1346 4036 iii,
1369 3979 1464 4023 265

472 4034 697 4084 Novium
721 4044 776 4084 et
814 4051 906 4100 per
948 4038 1137 4088 istrum
1186 4040 1465 4088 Pacuvium

405 4100 551 4155 nulla
574 4114 721 4149 mora
744 4100 831 4159 xii,
859 4105 945 4149 111

471 4165 651 4214 Novus
699 4162 919 4228 Arpinas
963 4165 1203 4229 ignobilis
1227 4166 1333 4227 viii,
1368 4171 1465 4216 237

403 4244 539 4301 nova
560 4228 780 4280 canities
803 4229 879 4296 iii,
898 4234 965 4281 26
1030 4245 1219 4280 novum
1240 4238 1488 4293 mustum,

2424 280 2453 314 ἱ

1227 339 1492 404 mmm,
1523 337 1792 389 aarum

1534 483 1689 533 toties
1706 483 1843 533 bibit
1864 497 1918 545 x,
1942 488 2041 534 250
2105 499 2241 534 nova
2262 499 2420 534 carue
2453 498 2602 537 acce-

1535 548 1692 598 dente
1712 549 1786 611 xi,
1831 553 1893 597 85
1962 563 2099 598 novo
2121 549 2247 599 orbe
2269 549 2425 599 aliter
2461 552 2600 600 vive-

1533 613 1662 662 bant
1694 613 1765 674 vi,
1819 617 1876 662 11
1948 627 2196 664 novorum
2252 612 2479 664 fatorum
2514 617 2604 675 vii,

1536 682 1632 727 189
1697 679 2005 728 novissimus
2037 680 2148 728 exit
2180 680 2396 728 annulus
2417 679 2491 743 xi,
2536 683 2604 746 42

1533 743 1815 792 novissima
1852 757 1977 791 vasa
2000 743 2073 805 vi,
2097 747 2196 792 356

1600 807 1957 856 Nox—noctis
1982 808 2216 870 pericula
2239 808 2313 870 iii,
2334 812 2432 857 268
2499 823 2604 858 me-

1535 871 1635 921 diae
1660 873 1788 920 hora
1808 872 1900 932 vii,
1954 875 2051 921 222
2140 881 2351 922 noctem
2401 875 2604 936 patitur

1535 936 1761 998 lugentis
1786 936 2007 985 amicum
2044 937 2246 986 Pelidae
2270 938 2343 1001 iii,
2358 941 2456 986 279
2508 952 2604 1001 per

1532 1001 1756 1052 mediani
1802 1015 2080 1050 occurrere
2103 1017 2152 1060 v,
2194 1007 2260 1052 54
2344 1010 2498 1052 nocte
2540 1017 2604 1052 ac

1533 1065 1653 1114 luce
1674 1081 1763 1127 xv,
1806 1069 1871 1116 48
1955 1074 2112 1115 nocte
2151 1066 2341 1131 dieque
2377 1066 2451 1129 iii,
2485 1071 2604 1119 105.

1533 1130 1645 1193 xiii,
1688 1135 1783 1180 198
1850 1144 1944 1194 pro
2008 1131 2138 1180 rima
2179 1130 2313 1194 quod
2355 1131 2509 1180 datur
2533 1132 2603 1194 vi,

1533 1199 1631 1245 204
1698 1202 1850 1245 nocte
1874 1209 1955 1244 me
1995 1196 2048 1244 ia
2072 1197 2144 1256 xi,
2182 1201 2274 1245 112
2341 1195 2409 1244 de
2430 1197 2602 1246 media

1534 1260 1736 1310 excitat
1760 1260 1868 1319 >im
1914 1264 2008 1309 190
2076 1261 2287 1309 minima
2331 1267 2605 1310 contentos

1534 1325 1813 1374 Britannos
1832 1325 1885 1386 ii,
1908 1329 2000 1373 161
2072 1327 2343 1388 praeterita
2368 1340 2483 1374 cum
2501 1340 2602 1389 quo

1535 1390 1761 1439 coenavit
1786 1406 1837 1448 a,
1882 1394 1977 1439 235
2048 1389 2258 1439 brevem
2296 1404 2535 1452 soporem
2558 1391 2604 1440 si

1534 1452 1670 1504 forte
1710 1468 1838 1503 cura
1892 1453 2107 1503 indulsit
2130 1455 2239 1516 xiii,
2278 1458 2375 1503 217
2442 1460 2602 1505 noctu

1535 1531 1637 1568 non
1660 1518 1830 1582 litigat
1871 1518 2021 1581 pusio
2045 1519 2114 1579 vi,
2136 1523 2219 1581 35,
2258 1524 2354 1568 605
2422 1527 2605 1569 noctes

1537 1583 1759 1633 Neronis
1783 1583 1890 1646 jan
1942 1582 2136 1632 medias
2170 1584 2241 1645 iv,
2284 1587 2379 1633 137
2446 1584 2610 1633 nocti·

1535 1647 1631 1696 bns
1657 1648 1843 1696 mereri
1868 1655 2186 1699 testamenta
2208 1649 2245 1708 i,
2260 1651 2325 1697 38

1605 1712 1812 1761 Nubem
1834 1712 1900 1761 ad
1933 1726 2165 1762 sonoram
2190 1713 2468 1776 Pygmaeus
2488 1727 2601 1762 cur·

1536 1774 1609 1825 rit
1633 1777 1743 1836 xiii,
1766 1781 1858 1826 167
1915 1777 2052 1826 nube
2074 1792 2173 1826 una
2194 1778 2372 1827 densae
2415 1779 2604 1827 coelum

1536 1840 1851 1891 abscondere
1874 1842 2106 1891 tenebras
2130 1842 2221 1905 xii,
2245 1847 2306 1891 19
2365 1842 2529 1893 nubes
2547 1850 2605 1892 et

1534 1904 1743 1969 fulgura
1797 1913 2078 1956 occurrunt
2094 1907 2201 1968 xiv,
2254 1910 2354 1956 292
2443 1919 2602 1967 super

1537 1970 1702 2019 nubes
1749 1971 1890 2020 nulla
1943 1972 2179 2020 convivia
2235 1970 2602 2021 Coelicolarum

1537 2033 1648 2097 xiii,
1670 2039 1734 2084 42
1801 2042 1995 2100 praeter
2019 2036 2181 2085 nubes
2199 2043 2255 2085 et
2277 2036 2395 2085 coeli
2412 2050 2602 2086 numen

1539 2099 1612 2148 nil
1642 2099 1866 2149 adorant
1887 2102 1996 2161 xiv,
2020 2106 2084 2150 97

1606 2164 1814 2214 Nubilis
1838 2165 2113 2229 Iphigenia
2136 2164 2342 2228 xii‚‹118

1606 2227 1776 2278 Nubit
1800 2231 1995 2279 amicus
2015 2230 2068 2293 ii,
2088 2233 2180 2280 134
2243 2229 2421 2293 nupsit
2445 2243 2604 2280 avaro

1538 2292 1771 2357 locuples
1794 2295 1863 2354 vi,
1883 2299 1973 2344 141
2044 2308 2168 2359 saga
2191 2294 2260 2354 vi,
2303 2298 2395 2344 591
2465 2295 2603 2344 nubo

1540 2364 1597 2406 tu
1616 2365 1772 2421 atque
1807 2366 1924 2409 tace
1947 2359 2081 2421 ii,61
2151 2358 2349 2408 nubere
2382 2358 2464 2408 cui
2491 2360 2604 2409 Coe-

1540 2423 1667 2471 saris
1692 2438 1823 2473 uxor
1858 2423 2084 2475 destinat
2108 2438 2159 2487 x,
2196 2427 2293 2473 330
2359 2423 2471 2474 vult
2501 2438 2603 2475 non

1537 2489 1636 2536 nisi
1660 2489 1893 2552 legitime
1917 2505 1970 2552 x,
2002 2493 2099 2539 338
2166 2488 2480 2538 nubentibus
2502 2489 2603 2554 (vi-

1538 2551 1634 2615 ris)
1679 2554 1859 2616 ingens
1899 2560 2213 2603 tormentum
2249 2554 2430 2616 baeret,
2462 2553 2601 2618 quod

1538 2626 1805 2681 nequeunt
1827 2630 2016 2682 parere
2039 2620 2093 2681 ii,
2127 2622 2220 2667 137
2289 2625 2452 2681 nupta
2469 2634 2604 2669 nova

1525 2681 1697 2745 jacuit
1722 2684 1917 2745 gremio
1935 2684 2105 2734 mariti
2124 2683 2180 2743 ii,
2205 2686 2299 2731 120
2363 2684 2603 2733 Senatori

1538 2746 1787 2797 comitata
1804 2756 1885 2797 est
1911 2748 2109 2812 Hippia
2137 2747 2358 2796 laudium
2383 2749 2448 2797 ad
2471 2749 2606 2797 Pha-

1538 2825 1634 2860 ron
1657 2812 1727 2873 vi,
1741 2817 1806 2862 82
1872 2820 2048 2874 nuptm
2069 2814 2164 2862 boc
2189 2820 2430 2876 spectent
2445 2813 2603 2875 juxta

1537 2875 1820 2925 recubante
1874 2878 2060 2927 marito
2106 2877 2177 2937 xi,
2225 2881 2316 2943 201
2421 2884 2602 2941 nuptas

1537 2955 1705 2989 mores
1752 2941 1971 3005 improbi
1995 2943 2064 2999 vi,
2098 2946 2195 2990 270
2278 2941 2342 2989 ad
2385 2950 2603 3005 nuptam

1538 3003 1697 3067 ferre,
1719 3022 1834 3069 quoe
1860 3006 2023 3056 mittit
2047 3006 2253 3056 adulter
2275 3005 2351 3065 iii,
2372 3010 2435 3055 45

1603 3070 1787 3119 Nudus
1807 3087 1837 3119 a
1875 3071 2079 3133 asii‚7l
2150 3072 2263 3135 quis
2286 3077 2391 3119 tam
2416 3086 2466 3133 v,
2507 3075 2603 3121 163

1538 3142 1753 3184 venator
1774 3134 1841 3185 Al
1882 3150 1981 3184 ana
2015 3149 2170 3184 arena
2188 3136 2259 3196 ἰν,
2305 3140 2400 3183 100
2465 3136 2605 3184 nuda

1538 3198 1778 3250 humeros
1833 3200 2086 3264 nudisque
2141 3199 2379 3248 mamillis
2402 3199 2472 3263 vi,
2504 3205 2600 3250 491

1538 3277 1718 3312 manus
1758 3265 1907 3314 saevit
1943 3280 2031 3324 xv,
2071 3268 2135 3314 54
2182 3264 2340 3313 nuda
2391 3266 2604 3314 humero

1540 3329 1725 3389 vi,491
1796 3330 1942 3393 signa
1976 3330 2052 3388 iii,
2095 3333 2193 3378 216
2258 3329 2497 3378 constitit
2534 3329 2605 3391 vl,

1542 3396 1637 3441 122
1704 3408 1926 3443 mamma
1966 3400 2148 3443 tenere
2184 3392 2438 3442 venabula
2458 3393 2491 3456 i,
2535 3398 2600 3443 23

1541 3457 1665 3505 nudi
1701 3458 1885 3522 Cynici
1926 3458 2065 3508 dolia
2086 3459 2195 3517 xiv,
2241 3462 2339 3507 308
2424 3457 2604 3507 mariti

1541 3522 1718 3598 spoliis
1743 3523 1968 3585 gaudere
1993 3523 2064 3582 vi,
2104 3527 2202 3572 232
2266 3522 2458 3571 nudam
2496 3520 2605 3571 effi·

1541 3601 1675 3648 giem
1701 3588 1803 3635 Dei
1837 3588 1911 3646 xi,
1958 3591 2053 3637 106
2119 3587 2313 3635 nudum
2346 3593 2402 3636 et
2435 3585 2605 3638 frusta

1542 3659 1810 3715 rogantem
1834 3666 1983 3701 nemo
1997 3652 2206 3716 juvabit
2229 3651 2344 3700 cibo
2361 3657 2418 3701 et
2458 3658 2603 3702 tecto

1542 3716 1617 3773 iii,
1657 3721 1753 3765 210
1819 3716 2011 3767 nudum
2059 3719 2254 3765 vultum
2296 3716 2451 3778 erigit
2494 3716 2606 3777 viii,

1541 3784 1637 3829 205
1708 3789 1760 3830 te
1786 3783 2018 3845 quamvis
2049 3780 2243 3830 viderit
2266 3780 2421 3829 Virro
2444 3781 2514 3841 ix,
2536 3784 2600 3831 35

1542 3846 1732 3894 nudum
1779 3847 2087 3910 mancipium
2131 3854 2275 3895 stans
2319 3844 2514 3893 fornice
2534 3845 2606 3907 xi,

1545 3914 1638 3958 170
1706 3911 1840 3959 nudo
1864 3912 2025 3961 latere
2064 3912 2187 3959 lecti
2211 3910 2368 3969 xi‚96
2433 3910 2603 3973 digito

1542 3974 1807 4023 mendicat
1829 3976 1901 4037 xi,
1921 3980 1984 4024 43
2053 3976 2243 4037 remige
2272 3975 2342 4035 iv,
2363 3978 2429 4023 49
2495 3976 2603 4023 talo

1544 4040 1937 4151 qulosbtraducit
1983 4040 2152 4090 Gallia
2176 4040 2261 4100 vii,
2287 4044 2405 4150 ,123
2451 4038 2604 4088 nudis

1540 4117 1599 4151 ca
1623 4117 1669 4151 ct
1712 4119 1769 4152 us
1831 4119 2027 4154 remere
2048 4119 2127 4165 un=
2151 4117 2265 4152 uem
2287 4118 2321 4163 ι,
2510 4152 2515 4157 ,

1605 4119 1909 4230 Nugasphas
1948 4183 2047 4218 non
2090 4120 2149 4217 c}
2192 4168 2234 4215 it
2265 4167 2472 4216 humilis
2510 4166 2606 4216 do·

1539 4244 1654 4282 mus
1690 4232 1762 4297 xi,
1788 4238 1882 4283 169
1962 4232 2111 4297 nugis
2183 4231 2194 4243 ‘
2275 4232 2320 4281 si
2368 4231 2625 4292 dedisset.
