3050 4913
1208 392 1487 444 εΑτιιιΑ
1538 390 1607 441 v.

284 540 485 608 'I'nnc
514 554 778 607 crassos
804 538 1116 605 transisse
1143 536 1313 615 dice,
1339 537 1692 619 lucemque
1719 534 2104 619 palustrem,

2380 367 2513 433 125

291 643 389 708 Et
414 643 596 709 sibi
567 662 714 728 Jam
742 643 877 708 seri
904 642 1124 707 vitam
1137 643 1508 723 ingemuere
1536 640 1857 704 relictam.

382 744 481 811 At
505 751 572 810 te
599 744 942 809 nocturnis
959 744 1157 828 juvat
1184 744 1640 827 impallescere
1670 740 1936 805 chartis.

290 845 533 910 Cultor
558 846 734 910 enim
751 844 1075 928 juvenum
1103 851 1415 928 purgatas
1446 844 1685 907 inseris
1715 861 1911 907 aures

294 947 517 1035 Fruge
545 944 929 1011 Cleanthea.

294 1122 444 1172 velut
479 1137 634 1171 ramos
653 1138 841 1172 annosae
850 1120 986 1183 sagi,
1020 1125 1122 1171 tion
1141 1123 1299 1171 dolent
1316 1121 1593 1199 preposteri
1614 1122 1716 1172 dies
1736 1120 2032 1183 caliginosos,
2070 1125 2116 1168 et
2127 1118 2310 1179 sedum
2331 1124 2514 1185 tenpus

1267 1187 1668 1237 residuum.'1'u
1692 1201 1800 1235 vero
1821 1185 2069 1235 delectu-1⁸³

291 1188 605 1252 preren-iim,
633 1192 679 1235 et
708 1188 858 1236 vitam
891 1187 985 1235 sibi
1017 1188 1234 1250 deinceps

1022 946 1240 1012 Petite
1267 946 1445 1025 hinc,
1466 946 1876 1028 juvenesque
1906 961 2251 1027 senesque,

2087 1187 2309 1247 pallorem
2331 1192 2516 1235 contra·
2553 1206 2560 1211 ·

296 1252 409 1301 here
451 1252 591 1301 libris
640 1256 785 1300 noctu
826 1250 1078 1314 legendis.
1152 1253 1275 1300 Nam
1322 1254 1661 1302 adolescentum
1714 1251 1984 1313 institutor,
2030 1249 2276 1299 Cleanthis
2296 1250 2518 1309 fructum

296 1317 481 1379 ingeris
516 1316 708 1366 mribus
744 1267 1003 1375 desaecatis.
1068 1316 1238 1381 Istinc,
1274 1332 1306 1366 o
1333 1317 1553 1381 juvenes,
1590 1317 1791 1381 pariter
1832 1321 1881 1364 et
1915 1329 2063 1380 senes,
2082 1315 2280 1378 querite
2299 1314 2515 1365 stabilem

1227 1456 1434 1476 OOOOOO

1438 1456 1586 1476 66666

302 1549 498 1601 Melius
540 1550 784 1613 Chen-agra
823 1563 974 1613 qnam
1009 1548 1232 1610 chiragra
1254 1549 1320 1598 ob
1340 1555 1579 1601 metrum.
1607 1548 1996 1600 Caecubum—60
2034 1547 2152 1599 ihm
2171 1562 2352 1598 εναιοω
2381 1546 2516 1599 Edd-

298 1616 569 1681 pinu—6⁴
596 1616 784 1679 puer-iq.
810 1616 915 1664 Ms.
944 1613 1062 1666 Gal.
1083 1621 1137 1663 et
1156 1614 1216 1663 C.

1299 1726 1523 1777 NOTAE

366 1827 439 1872 60
471 1822 599 1873 ssiat
637 1839 815 1873 cram
844 1825 1071 1875 transisse
1090 1824 1213 1888 dies]
1241 1826 1369 1875 Tum

304 1899 486 1950 dolent
510 1914 671 1949 annos
689 1903 1005 1950 transactos
994 1916 1042 1950 m
1061 1902 1204 1964 turpi
1222 1903 1371 1951 caeci-

302 1985 435 2042 tate,
459 1978 514 2028 in
537 1980 726 2028 crassis
749 1978 996 2041 tenebris,
1015 1980 1127 2029 sine
1145 1981 1252 2029 ulla
1272 1981 1371 2029 vir·

276 2055 435 2105 ‘tutis
469 2061 562 2104 ant
596 2056 836 2106 veritatis
873 2056 1209 2118 cognitione:
1257 2072 1373 2122 que

304 2130 411 2181 dno
428 2138 551 2181 sunt
571 2131 728 2181 animi
745 2133 892 2182 cibus
915 2147 976 2182 ac
995 2147 1133 2183 νει-ε
1155 2134 1373 2185 deliciae.

305 2208 359 2257 8.
382 2207 521 2272 Aug.
543 2209 559 2237 ‘
577 2208 716 2261 Quid
728 2210 890 2274 magis
908 2210 1173 2261 desiderat
1189 2211 1376 2276 anima,

310 2296 464 2348 quam
488 2284 759 2334 veritatem
780 2284 814 2333 ?'

320 2359 635 2422 Lucanaque
657 2362 935 2427 palustrem]
978 2362 1065 2434 ‘In
1105 2363 1376 2414 libidinum

308 2394 548 2487 sordibus
573 2452 634 2488 ac
653 2439 797 2489 luto·
783 2475 798 2499 ,
823 2453 889 2490 an
906 2440 1031 2490 etin
1056 2441 1374 2506 balneis,ubi

309 2514 403 2564 ειὲι·
426 2529 630 2564 crassus
671 2522 728 2565 et
772 2516 1018 2582 impurus,
1041 2520 1207 2584 qualis
1236 2521 1378 2584 palu-

308 2592 490 2641 strium
510 2592 771 2642 locorum?

373 2669 434 2718 61
474 2668 609 2732 Seri]
665 2671 793 2719 Cum
804 2670 915 2733 jam
942 2672 1110 2721 nullus
1134 2671 1379 2721 medendi

307 2744 473 2795 locus.

384 2823 543 2872 Vitam
557 2822 829 2885 ingemuere
837 2824 1073 2887 reliclm]
1090 2824 1125 2876 J
1130 2838 1210 2873 am
1229 2825 1379 2874 luunt

313 2899 454 2964 qnod
467 2899 588 2949 olim
611 2908 938 2964 peccat-unu
978 2908 1034 2951 et
1066 2916 1216 2952 senes
1251 2901 1381 2951 facti

314 2992 377 3027 ac
400 2976 596 3027 debiles
617 2977 799 3026 dolent
832 2979 990 3028 vitam
1013 2978 1112 3027 sibi
1131 2978 1380 3041 supersti-

313 3061 420 3104 tem
444 3068 560 3104 esse
593 3055 741 3104 velut
772 3054 838 3104 ad
857 3052 1096 3104 ferendas
1131 3059 1213 3104 tot
1234 3054 1379 3116 aegri·

313 3130 523 3180 tudines
566 3144 627 3179 ac
669 3130 921 3193 miserias,
960 3146 1072 3195 quae
1125 3131 1383 3180 luxuriam

316 3213 632 3272 sequnntur:
668 3205 916 3258 damnant
930 3208 1086 3272 igitur
1102 3222 1305 3258 errores
1327 3214 1384 3258 et

314 3282 518 3348 flagitia
541 3284 727 3349 prioris
760 3284 904 3348 vitae,
929 3284 1110 3335 dolent
1132 3285 1269 3351 quod
1293 3286 1382 3335 ob·

314 3361 454 3412 scuti
471 3368 526 3411 et
547 3361 751 3426 inglorii
775 3363 976 3425 egerint
994 3379 1009 3424 3
1032 3369 1088 3412 at
1105 3378 1239 3414 sero.

284 3459 291 3466 .
328 3463 335 3472 ν
382 3441 449 3488 62
481 3438 553 3488 Ae
590 3443 639 3488 te
681 3439 941 3501 ποιέω-ιώ,
974 3440 1082 3503 ξι]
1135 3441 1210 3489 Tu
1243 3455 1385 3503 vero,

320 3514 570 3579 Coruute,
603 3521 901 3566 contemtor
942 3516 1264 3579 divitiarum,
1297 3518 1385 3567 ho·

317 3607 523 3657 norum,
562 3594 906 3657 voluptatum,
941 3600 1080 3644 totus
1114 3594 1385 3659 sapientiae

303 3670 493 3719 studio
516 3671 606 3719 diu
626 3679 887 3734 noctuque
926 3670 1215 3732 incumbis;
1262 3672 1385 3735 quin

319 3752 377 3795 et
399 3746 613 3798 studiosi
657 3745 849 3796 laboris
883 3761 942 3795 ac
962 3745 1250 3809 vigiliarum
1276 3753 1384 3794 tua·

323 3838 438 3872 rum
462 3822 662 3873 fructus
687 3837 801 3872 cum
823 3822 934 3872 aliis
952 3823 1087 3871 ultro
1111 3828 1167 3871 et
1201 3822 1385 3871 libera·

321 3900 447 3950 liter
468 3900 828 3950 communicas.

390 3978 651 4027 Nocturnis
677 3977 822 4036 juvat
858 3975 1171 4039 impallescere
1186 3973 1388 4036 chartis]

323 4053 586 4105 Pallorem
602 4053 930 4113 contrahere,
965 4051 1309 4101 incumbendo
1332 4050 1391 4100 li·

324 4128 433 4177 bris
482 4134 537 4176 et
579 4126 798 4176 assiduae
846 4127 1074 4190 lectioni,
1110 4126 1266 4177 etiam
1322 4126 1390 4175 ad

322 4203 585 4267 lychnum,
633 4209 690 4254 et
738 4209 911 4253 noctu.
977 4204 1165 4253 Horat.
1220 4202 1391 4266 Epist.

325 4280 393 4334 ed
417 4280 660 4334 Pisones:
695 4281 831 4331 ‘Vos
848 4278 1165 4346 exemplaria
1198 4280 1391 4331 Graeca

1454 1827 1728 1876 Nocturna
1768 1831 1977 1876 versate
2018 1837 2190 1887 mann,
2221 1830 2426 1874 versate
2442 1822 2521 1873 di-

1450 1902 1613 1952 urna!

1470 1984 1581 2028 -63
1620 1980 1787 2029 Cultor
1816 1979 1941 2029 enim
1962 1977 2209 2042 juvenum]
2264 1978 2425 2029 Bonis
2459 1993 2523 2029 ac

1452 2055 1648 2105 sedulis
1686 2055 2112 2119 institutionibus,
2154 2058 2256 2105 ad
2276 2056 2522 2105 virtutem

1456 2139 1513 2182 et
1535 2132 1902 2182 honestatem
1878 2148 2101 2197 juvenes
2134 2133 2319 2184 incitas
2344 2148 2406 2184 ac
2422 2131 2527 2183 for-

1456 2223 1583 2258 mas.
1652 2210 1770 2261 Quo
1795 2210 2112 2261 laudabilius
2156 2213 2282 2262 nihil
2327 2216 2527 2261 estant

1452 2283 1785 2335 fructuosius.
1827 2287 1939 2336 Cic.
1963 2301 2026 2337 11.
2063 2288 2128 2337 de
2146 2288 2383 2337 Divinat.
2409 2301 2455 2338 c.
2473 2292 2525 2338 ⁴.

1456 2362 1472 2390 ‘
1500 2361 1654 2413 Quod
1690 2361 1882 2425 enim,'.
1911 2363 2099 2426 inquit,
2152 2365 2167 2390 ‘
2188 2377 2370 2412 munus
2410 2364 2527 2413 Rei·

1457 2437 1687 2502 publicae
1699 2436 1883 2488 afferre
1900 2440 2065 2503 majus
2082 2439 2331 2489 meliusve
2345 2454 2527 2504 possu-

1456 2529 1590 2576 mne,
1627 2529 1778 2579 quam
1803 2516 1848 2563 si
1871 2516 2145 2565 doceamus
2163 2524 2322 2580 atque
2351 2515 2528 2567 erudi·

1457 2606 1570 2640 mus
1586 2592 1914 2656 juventutem
1930 2591 1966 2640 Ρ
2005 2594 2077 2641 Ει
2093 2593 2298 2641 Tuscul.
2321 2592 2525 2644 Quaest.

1459 2682 1523 2718 ιι.
1549 2682 1599 2716 ιι.
1622 2673 1700 2718 18.
1742 2673 1756 2697 ‘
1781 2668 2000 2719 Cultura
2018 2668 2172 2718 animi
2194 2669 2526 2732 Philosophia

1461 2751 1559 2807 est,
1579 2760 1697 2810 quae
1736 2746 1968 2795 extrahit
2001 2747 2132 2795 vitia
2167 2746 2437 2810 radicitus,
2470 2752 2526 2797 et

1460 2831 1725 2888 praeparat
1762 2824 1955 2874 animos
1991 2824 2057 2873 ad
2093 2831 2235 2874 satus
2268 2825 2527 2888 accipien-

1460 2900 1575 2962 dos,
1598 2914 1763 2966 enque
1799 2902 2012 2950 mandat
2057 2902 2153 2964 bis,
2177 2909 2251 2964 et,
2273 2909 2333 2953 ut
2357 2903 2431 2952 ita
2452 2903 2528 2953 di·

1459 2989 1602 3039 cam,
1620 2977 1767 3041 serit,
1785 2992 1900 3042 quae
1919 2977 2098 3028 adulta
2115 2977 2316 3031 fructus
2334 2979 2532 3031 uberri-

1463 3068 1572 3104 mos
1588 3054 1795 3106 ferant!
1941 3071 1942 3074 ’

1528 3132 1777 3195 Purgatus
1815 3134 1989 3183 inseris
2028 3137 2185 3200 meres]
2242 3135 2530 3201 Postquam

1462 3206 1604 3256 vitiis
1637 3210 1888 3273 purgasti,
1927 3217 2197 3274 praecepta
2236 3225 2435 3260 morum
2474 3217 2531 3261 et

1462 3284 1709 3334 virtutum
1749 3294 2051 3336 ornamenta
2086 3287 2279 3350 ingeris
2303 3294 2358 3337 et
2380 3302 2532 3338 cona-

1463 3360 1536 3409 ris
1558 3360 1809 3411 inducere
1826 3363 1878 3412 in
1898 3362 2269 3427 discipulorum
2285 3365 2533 3425 animum,

1463 3438 1507 3487 si
1530 3438 1683 3488 modo
1700 3440 1918 3489 culturae
1939 3441 2225 3504 patientem
2241 3440 2533 3491 commoda-

1466 3514 1573 3563 rint
1620 3530 1818 3578 aurem,
1873 3525 1932 3565 ut
1970 3516 2130 3565 habet
2179 3517 2364 3568 Horat.
2412 3517 2447 3567 1.
2491 3531 2532 3568 1.

1466 3591 1634 3654 Epist.
1688 3596 1734 3639 1.
1812 3592 2050 3655 Namque
2095 3599 2153 3641 ut
2196 3598 2276 3641 est
2315 3591 2532 3656 ibidem,

1465 3668 1480 3694 ‘
1504 3667 1687 3717 Virtus
1727 3674 1828 3729 est,
1868 3668 2046 3717 vitium
2082 3667 2265 3730 fugere
2287 3683 2302 3728 ς
2325 3673 2381 3717 et
2397 3668 2535 3732 sapi·

1464 3744 1606 3794 entia
1630 3745 1813 3808 prima,
1837 3744 2071 3793 Stultitia
2092 3744 2357 3795 caruisse)

1484 3852 1493 3859 ν
1529 3825 1594 3869 64
1630 3821 1793 3882 Fruge
1831 3820 2132 3883 Cleanthem]
2202 3820 2536 3886 Philosophia

1467 3897 1677 3954 Morali‚
1705 3911 1854 3960 quam
1878 3897 2158 3947 Cleanthes
2184 3897 2405 3947 Zenonis
2432 3898 2536 3948 dis·

1467 3971 1670 4035 cipulus
1703 3978 1757 4019 et
1773 3986 2039 4022 successor
2050 3973 2245 4034 docuit,
2259 3988 2375 4023 cnm
2397 3988 2538 4039 mag-

1470 4062 1539 4096 na
1560 4047 1954 4097 Atheniensium
1977 4049 2222 4099 utilitate.
2259 4050 2331 4112 Is,
2349 4065 2534 4113 urgen-

1474 4131 1530 4175 te
1551 4124 1743 4188 inopia,
1781 4131 1941 4174 noctu
1980 4141 2125 4174 suam
2154 4140 2366 4189 operam
2402 4126 2537 4175 loca·

1470 4201 1566 4250 bat
1605 4208 1714 4251 tum
1751 4201 2049 4251 hauriendoe
2091 4217 2256 4266 aquae,
2291 4209 2398 4250 tum
2422 4201 2536 4266 pin-

1467 4277 1642 4329 sendis
1697 4278 1934 4344 panibus,
1976 4283 2035 4328 ut
2081 4279 2270 4329 liceret
2306 4276 2536 4328 interdiu
