3050 4913
1133 398 1226 449 1⁶1·
1271 398 1716 451 vulnotum·

379 539 662 605 Intermgo
682 540 754 590 nil
777 539 894 604 plns
914 552 970 602 x,
999 544 1067 592 72

379 605 652 656 Inter-sum
695 632 761 643 —
804 606 1046 656 intererit
1101 604 1394 670 plurimum,

311 669 511 735 quibus
528 670 745 730 artibus,
764 677 822 719 et
836 670 1023 734 quibus
1035 669 1170 720 huuc
1186 670 1396 735 (fllium)

310 743 375 784 tu
401 735 634 784 moribus
654 735 895 784 instituas
916 735 1022 797 xiv,
1039 738 1105 784 72

353 798 692 912 iIntervenit
730 800 934 865 quoties
977 800 1225 850 lascivum
1266 797 1396 848 illud

313 879 350 911 v
425 868 521 913 19⁴

379 898 685 977 'Intestarus
706 928 749 976 si
772 927 839 977 ad
860 941 1059 977 coenam
1084 941 1171 977 eas
1194 926 1269 990 iii,
1300 930 1397 977 274

319 994 583 1042 intestata
620 993 741 1042 hinc
797 999 1040 1042 senectus
1099 999 1157 1042 et
1208 993 1398 1042 subitae

319 1064 527 1107 mortes
549 1057 588 1118 i,
610 1062 705 1107 144

393 1121 661 1171 Intestino
682 1121 793 1170 loto
814 1127 1007 1170 terram
1044 1119 1170 1170 ferit
1197 1121 1266 1182 vi,
1303 1123 1403 1171 429

318 1186 583 1236 intestina
603 1185 777 1249 poetae
800 1186 1013 1247 capiunt
1033 1186 1149 1248 plus
1173 1186 1263 1248 vii,
1297 1189 1362 1234 78

393 1250 739 1300 Intolerabile
779 1251 941 1312 magis
976 1250 1156 1300 vitium
1193 1250 1266 1312 vi,
1304 1253 1402 1298 412

324 1315 715 1367 intolerabilius
739 1315 863 1364 nibil
883 1321 987 1379 est,
1024 1329 1175 1379 quam
1197 1313 1407 1364 foemin·

324 1379 480 1429 dlves
503 1379 576 1441 vi,
594 1384 694 1429 460

398 1445 617 1494 lntouet
640 1442 947 1493 horrendum
970 1441 1100 1492 Exl
1124 1443 1194 1503 vi,
1221 1447 1317 1493 486

398 1507 553 1558 Intra
574 1509 825 1572 pomoeria
846 1508 982 1556 natis
1013 1508 1206 1558 salibus
1237 1507 1311 1570 ix,
1345 1510 1403 1556 11

326 1587 510 1623 nurus
534 1579 737 1623 tantum
760 1572 833 1621 illi
853 1571 1076 1638 contulit
1092 1573 1311 1621 nominis
1332 1577 1408 1621 to·

333 1652 405 1700 ga
443 1637 555 1699 viii,
591 1642 690 1686 240
756 1653 812 1687 se
847 1638 1061 1686 tacitum
1096 1637 1185 1701 qui
1210 1636 1410 1699 cogitat

331 1702 511 1751 scelus
533 1702 646 1765 xiii,
665 1707 764 1751 209
829 1706 884 1750 te
905 1700 1008 1764 fige
1030 1702 1267 1764 querelas
1301 1715 1412 1750 nos-

333 1775 449 1815 tras
471 1768 668 1815 tacitus
693 1767 764 1829 ix,
784 1769 848 1816 94
915 1781 1030 1831 qum
1064 1766 1240 1815 limina
1280 1778 1410 1831 puer

338 1839 425 1881 est
452 1832 561 1894 xiv,
579 1835 644 1879 45

405 1894 586 1945 Intrat
605 1893 815 1943 foemina
835 1894 993 1943 limen
1015 1894 1070 1958 ii,
1091 1898 1157 1944 88
1220 1900 1277 1943 et
1306 1907 1414 1942 mu·

341 1959 465 2035 5115·
512 1960 740 2009 moechos
780 1974 834 2021 x,
869 1963 965 2009 817
1015 1959 1191 2008 moles
1221 1959 1312 2020 xii,
1348 1962 1410 2006 75

342 2024 566 2074 intranti
588 2024 796 2073 obstitit
817 2024 969 2073 turba
991 2023 1062 2083 iv,
1083 2028 1150 2073 62
1195 2024 1416 2086 lupanar

344 2089 418 2149 vi,
461 2093 553 2138 121
623 2089 875 2138 intrantes
898 2089 1087 2138 blanda
1108 2088 1322 2150 excepit
1344 2088 1416 2149 vi,

345 2157 444 2203 12⁵
515 2153 703 2203 balnea
724 2155 794 2214 vi,
813 2156 908 2203 874
973 2154 1156 2202 urbem
1180 2166 1233 2214 x,
1258 2156 1346 2201 171

414 2217 678 2293 Intrepidi
700 2218 883 2266 altaria
905 2225 1127 2281 tangunt
1148 2216 1257 2279 xiii,
1289 2220 1354 2267 89
1399 2216 1415 2239 ¹

413 2282 696 2332 Introitum
719 2282 786 2331 ad
803 2282 969 2345 ipsum
993 2282 1196 2332 macelli
1217 2282 1288 2340 xi,
1313 2285 1375 2332 10

343 2401 350 2406 ,
411 2347 571 2398 Intus
593 2347 814 2396 dormiet
835 2347 909 2407 iii,
935 2350 1029 2396 241

414 2411 614 2462 Inutile
642 2412 824 2475 vulgus
845 2427 932 2472 xv,
960 2415 1056 2461 126

417 2476 686 2528 Invadunt
720 2477 845 2527 talia
879 2477 1051 2526 verbis
1087 2474 1330 2526 Herculis
1363 2471 1422 2537 ii,

417 2604 646 2654 Invalidi
687 2605 876 2655 collum
921 2603 1209 2655 cervicibus
1251 2608 1425 2667 aeqnat

356 2668 609 2721 Herculis
629 2670 704 2731 iii,
721 2674 787 2718 88

423 2734 639 2786 Invenit
660 2736 777 2799 quis
797 2733 1029 2784 membra
1052 2732 1129 2794 iii,
1160 2736 1258 2782 260
1322 2744 1426 2780 non

354 2797 535 2849 fatuos
572 2798 646 2861 ix,
685 2804 717 2848 8
781 2798 1030 2862 septimus
1052 2797 1128 2847 sol
1152 2797 1425 2861 jacentem

358 2872 532 2913 torum
556 2878 644 2926 xv,
660 2867 724 2912 44
776 2877 877 2913 non
902 2877 1103 2926 poenam
1127 2859 1314 2912 sceleri
1336 2874 1425 2920 xv,

360 2932 462 2979 129
524 2928 794 2978 materiam
834 2928 967 2977 risus
1006 2941 1060 2988 x,
1100 2930 1162 2975 47
1229 2925 1428 2974 invenit

361 3007 468 3042 non
507 3008 696 3042 nomen
737 2992 939 3041 crimini
980 2991 1089 3053 xiii,
1119 2994 1184 3040 29
1249 3002 1430 3053 poenas

364 3056 627 3107 Caedicins
666 3057 779 3117 xiii,
817 3061 911 3105 197
975 3056 1206 3104 iuvenies
1236 3054 1429 3103 nullam

364 3136 483 3185 quae
508 3129 695 3186 parcat
714 3121 906 3170 amanti
928 3121 998 3182 vi,
1019 3123 1117 3169 208
1171 3118 1431 3171 Quiritem

363 3188 471 3234 ima
493 3186 650 3250 plebe
673 3186 780 3261 viii,
797 3189 864 3234 48
918 3185 1141 3248 legatum
1165 3183 1215 3231 in
1239 3182 1433 3247 popina

356 3252 633 3314 jacentem
687 3250 817 3325 viu,-
844 3253 939 3325 173
1024 3249 1255 3325 inveniet
1307 3247 1432 3311 qnid

363 3314 982 3429 &wffiuffifflxze
995 3317 1437 3439 2¹1·;4{³²³.„v2::2{

372 3444 520 3493 Osiri
542 3443 651 3504 viii,
670 3448 735 3492 80
799 3444 1009 3491 iuventa
1032 3456 1127 3504 per
1148 3441 1299 3491 devia
1319 3454 1442 3489 rura

370 3509 580 3571 lacerta
619 3508 726 3570 xiv,
757 3512 820 3556 75
885 3507 1106 3557 inventis
1134 3506 1229 3556 sub
1263 3513 1441 3555 aratro

376 3574 609 3638 piscibus
629 3573 736 3633 xiii,
754 3576 820 3621 66

442 3638 718 3687 Inventrix
735 3636 868 3686 sacri
883 3634 1095 3685 nefandi
1114 3633 1337 3684 'l'aurica
1355 3648 1444 3697 xv,

444 3766 661 3816 Inverso
717 3763 878 3814 fundo
931 3763 1008 3824 iii,
1065 3767 1159 3812 108
1228 3761 1445 3812 inversis

382 3830 604 3897 pellibus
628 3830 898 3879 submovet
921 3830 1084 3877 Euros
1105 3827 1210 3887 xiv,
1235 3831 1331 3876 187

449 3895 659 3946 Invidet
679 3895 833 3944 luscis
854 3908 909 3954 x,
927 3897 1026 3942 228
1057 3892 1286 3941 invideas
1308 3891 1446 3941 haud

385 3960 493 4009 vati
512 3961 603 4018 vii,
622 3963 685 4009 93
749 3957 1005 4020 omnibus,
1037 3957 1078 4006 si
1112 3955 1348 4007 lividulus
1379 3957 1446 4004 sis

387 4024 462 4086 xi,
485 4029 579 4073 110
629 4024 778 4073 invisi
798 4022 1022 4072 nominis
1044 4036 1198 4085 poena
1218 4020 1328 4081 xiii,
1351 4024 1448 4069 248

451 4088 654 4140 Invidia
675 4097 754 4138 est
775 4086 1000 4138 fortune:
1024 4101 1110 4145 xv,
1132 4091 1195 4135 95
1240 4083 1447 4134 iuvidioe

385 4167 589 4216 magnae
611 4153 854 4216 subjecta
889 4151 1128 4215 potentia
1155 4166 1208 4209 x,
1245 4154 1306 4198 57
1373 4149 1449 4197 in-

383 4218 576 4266 vidiam
597 4217 831 4269 facerent
854 4216 979 4268 Nilo
1011 4230 1224 4288 surgere
1251 4213 1451 4265 nolenti

385 4298 476 4347 xv,
497 4286 592 4341 123

2380 381 2535 451 lxxi

1530 540 1796 591 Invidiosa
1817 540 2002 592 solatia
2022 540 2132 603 xiii,
2154 544 2252 593 179

1528 606 1706 656 Invita
1726 607 1948 670 conjuge
1984 607 2053 668 vi,
2090 610 2189 657 212
2254 605 2404 656 iuviti
2443 618 2532 658 ex*

1468 684 1648 720 ercere
1673 670 1926 734 jubentur
1948 672 2215 721 avaritiam
2237 672 2343 736 xiv,
2373 675 2469 721 108

1534 734 1793 784 Invitatus
1830 735 1896 785 ad
1937 735 2051 786 boec
2082 736 2263 801 aliquis
2282 736 2347 785 de
2369 744 2531 801 ponte

1468 799 1684 851 necabit
1705 800 1810 860 xiv,
1845 803 1937 849 1³⁴

1538 862 1764 913 Involvit
1784 865 1875 913 bos
1896 865 2006 912 sinu
2030 865 2262 914 Furtum
2284 864 2353 929 vi,
2372 865 2471 915 607

1538 928 1600 977 Io
1621 928 1842 978 candida
1875 929 1915 977 si
1941 930 2177 992 jusserit,
2210 930 2311 980 ibit
2345 930 2413 980 ad
2454 927 2541 980 Ε’-

1471 993 1623 1057 gypti
1646 991 1801 1042 finem
1826 995 1893 1053 vi,
1923 998 2023 1042 526

1537 1057 1716 1108 ,locari
1742 1058 1904 1106 voluit
1928 1058 2154 1107 Fortuna
2174 1057 2251 1117 iii,
2279 1063 2345 1109 40

1539 1121 1675 1173 Joco
1707 1122 1977 1172 mordente
2004 1121 2205 1171 facetus
2237 1121 2313 1186 lx,
2352 1126 2415 1174 10
2455 1122 2538 1190 jo-

1475 1200 1652 1235 corum
1672 1201 1852 1236 causas
1874 1187 2074 1250 praebe.
2094 1186 2169 1250 iii,
2192 1190 2284 1236 147

1542 1250 1742 1300 Ionium
1767 1252 1872 1302 late
1894 1257 2158 1301 sonantem
2184 1250 2255 1313 vi,
2281 1256 2347 1301 98

1544 1315 1815 1379 Iphigenia
1836 1314 1880 1365 si
1903 1330 2004 1381 qua
2026 1315 2099 1364 illi
2121 1323 2202 1365 est
2232 1316 2417 1366 nubilis
2448 1314 2542 1366 do·

1477 1379 1570 1439 mi,
1611 1379 1761 1429 dabit
1804 1381 1935 1429 hanc
1981 1379 2245 1444 altaribus,
2299 1380 2397 1430 etsi
2437 1394 2543 1430 non

1477 1450 1657 1508 sperat
1677 1443 1882 1494 furtivae
1906 1443 2111 1508 piscnla
2132 1458 2301 1494 cervae
2323 1445 2417 1508 xii,
2446 1447 2544 1494 119

1546 1508 1573 1557 1
1612 1523 1668 1557 se
1705 1523 1823 1558 cnm
1855 1524 1910 1557 se
1934 1509 2170 1571 jactaret
2202 1509 2378 1561 amlcoe
2401 1509 2440 1574 i,
2476 1512 2545 1558 62

1480 1587 1547 1636 pe
1602 1572 1752 1623 uudit
1792 1573 1986 1637 piscem
2042 1573 2339 1623 Venafrano
2379 1589 2435 1637 v,
2480 1577 2546 1623 86

1482 1645 1632 1701 potat
1653 1652 1707 1698 v,
1732 1641 1795 1687 90
1861 1645 1982 1687 aute
2004 1637 2170 1701 ipsum
2194 1653 2243 1699 v,
2262 1643 2329 1688 66

1548 1701 1637 1750 Ira
1673 1709 1729 1751 et
1766 1701 1869 1750 bile
1891 1701 2043 1765 jecur
2066 1701 2246 1751 ardeat
2267 1703 2304 1764 i,
2324 1706 2409 1752 46.
2473 1700 2551 1764 iil,

1487 1769 1599 1815 188.
1655 1766 1766 1828 xiii,
1803 1770 1898 1814 188
1951 1765 2189 1815 Censoris
2210 1765 2419 1829 dignum
2440 1765 2552 1829 xiv,

1484 1835 1551 1880 6⁰
1616 1832 1866 1892 Deorum,
1907 1837 1966 1878 ut
2018 1830 2087 1879 sit
2128 1844 2330 1894 magna,
2375 1836 2552 1880 tamen

1485 1899 1635 1944 certe
1670 1895 1813 1944 lenta
1843 1901 1927 1944 est
1968 1895 2080 1955 xiii,
2126 1899 2220 1944 100
2283 1901 2340 1944 et
2382 1892 2549 1945 fames

1486 1973 1642 2022 pares
1661 1959 1713 2008 in
1735 1965 1907 2009 mente
1928 1974 2015 2017 xv,
2040 1964 2131 2008 121
2191 1959 2397 2025 quoties
2417 1960 2554 2009 bunc

1488 2038 1669 2073 sexum
1691 2030 1963 2073 nocentem
1999 2022 2130 2073 facit
2158 2024 2229 2086 vi,
2263 2027 2360 2073 647
2428 2022 2556 2087 quid

1490 2088 1606 2153 plus
1640 2090 1765 2138 velit
1792 2089 1902 2148 xiii,
1938 2092 2031 2137 176
2098 2089 2189 2137 irae
2227 2087 2555 2138 indoctorum

1489 2154 1957 2217 quantulacumque
1989 2154 2191 2201 occasio
2223 2150 2416 2203 sufficit
2445 2152 2560 2216 xiii,

1492 2221 1588 2267 183
1655 2232 1830 2267 eorum
1854 2232 1955 2266 non
1976 2214 2168 2267 sufficit
2189 2232 2278 2277 xv,
2300 2220 2397 2267 169
2458 2215 2556 2267 iro

1493 2296 1630 2345 pone
1649 2281 1796 2332 frena
1819 2282 1927 2343 viii,
1946 2285 2010 2331 88
2060 2282 2150 2330 irae
2172 2281 2292 2331 inde
2315 2288 2373 2330 et
2393 2281 2559 2343 laery-

1492 2361 1592 2395 maee
1632 2347 1670 2408 i,
1713 2352 1807 2397 168
1871 2345 2227 2409 iram,gaudia
2262 2352 2366 2396 cet.
2398 2343 2559 2397 effun-

1494 2412 1627 2462 dunt
1649 2413 1744 2462 hoc
1765 2425 2000 2462 sermone
2024 2411 2091 2472 vi,
2119 2414 2212 2460 189

1561 2476 1720 2525 Irasci
1758 2475 1976 2537 nesciat,
2002 2475 2182 2539 cupiat
2211 2474 2339 2523 nihil
2372 2488 2425 2537 x,
2459 2477 2560 2525 860

1495 2540 1657 2591 iratus
1677 2541 1808 2604 ignis
1829 2539 1986 2589 cadat
2023 2539 2074 2587 in
2110 2549 2275 2589 terras
2310 2538 2421 2599 xiii,
2460 2542 2560 2591 226

1497 2605 1635 2654 irato
1677 2606 1831 2655 sistro
1866 2603 2022 2653 feriat
2064 2616 2178 2653 meu
2226 2602 2422 2652 lumina
2464 2601 2563 2653 lais

1497 2670 1607 2730 xiii,
1644 2674 1708 2719 98
1774 2668 1895 2719 irati
1929 2666 2132 2718 faciunt
2165 2665 2456 2717 vadimonia
2486 2666 2566 2725 iii,

1497 2737 1597 2783 299
1662 2734 1833 2784 mariti
1877 2733 2088 2796 exigere
2132 2745 2306 2808 poenas
2361 2745 2415 2795 x,
2466 2733 2564 2783 ⁸1⁸

1499 2799 1645 2848 iratis
1666 2799 1784 2848 Diis
1805 2796 1997 2847 fruitur
2022 2796 2217 2846 Manus
2239 2796 2276 2859 i,
2304 2799 2370 2846 60

1563 2863 1949 2914 Irritamentum
1962 2861 2177 2912 Veneris
2191 2858 2483 2925 languentis
2496 2857 2573 2923 xi,

1568 2992 1685 3041 Irus
1703 2991 1969 3040 honestius
1989 2989 2152 3052 possit
2172 2996 2398 3039 tremere
2416 3002 2470 3053 v,
2501 2991 2565 3038 10

1571 3057 1707 3106 Isaeo
1730 3055 2008 3105 torrentior
2031 3069 2197 3106 sermo
2220 3054 2294 3116 iii,
2315 3058 2381 3103 74

1571 3121 1753 3171 Isiacae
1775 3119 2003 3169 sacraria
2022 3120 2155 3168 leue
2176 3118 2249 3181 vi,
2277 3122 2376 3168 489

1573 3186 1673 3237 Isis
1694 3185 1945 3235 decernat
1964 3184 2322 3249 quodcumque
2339 3182 2482 3232 volet
2502 3179 2572 3231 de

1507 3263 1726 3314 corpore
1765 3256 1961 3309 nostro,
1997 3255 2054 3298 et
2090 3248 2226 3298 irato
2264 3245 2424 3297 feriat
2459 3259 2578 3295 mea

1505 3313 1701 3365 lumina
1720 3315 1890 3374 sistro,
1928 3312 2206 3363 dummodo
2227 3319 2330 3363 cet.
2356 3310 2468 3373 xiii,
2506 3312 2571 3359 98

1510 3378 1664 3430 Isidis
1686 3381 1736 3429 in
1759 3379 1921 3428 edem
1939 3393 2096 3443 aquus
2118 3383 2348 3441 spargat,
2361 3374 2575 3438 antiquo

1511 3460 1627 3509 quae
1651 3445 1885 3509 proxima
1904 3444 2070 3509 surgit
2092 3442 2212 3493 ovili
2234 3442 2304 3503 vi,
2338 3444 2436 3489 629
2498 3434 2577 3514 fa:

1512 3524 1636 3560 num
1660 3510 1917 3561 scelerare
1939 3509 2014 3570 ix,
2047 3512 2112 3556 22
2177 3506 2245 3556 ab
2266 3502 2408 3553 Iside
2468 3516 2578 3552 asca

1513 3575 1743 3638 pictores
1783 3574 1878 3635 xii,
1917 3578 1982 3622 28
2062 3570 2218 3621 Isidis
2261 3581 2380 3617 sace
2443 3572 2578 3630 uteo,

1512 3654 1679 3703 sacra,
1719 3644 1775 3687 et
1807 3638 2146 3697 simulacrum,
2183 3638 2435 3696 argentea
2471 3646 2578 3682 ser-

1517 3718 1644 3768 pens
1666 3704 1734 3763 vi,
1754 3705 2010 3751 525-541

1584 3768 1694 3816 Iste
1717 3766 1827 3815 dies
1847 3765 2058 3828 genialis
2075 3763 2247 3827 agitur
2268 3761 2341 3822 iv,
2360 3764 2426 3810 67

1583 3832 1723 3881 Ister
1745 3837 1800 3879 et
1824 3830 2033 3880 Rhenus
2052 3840 2227 3876 amnes
2249 3826 2355 3884 viii,
2378 3828 2475 3875 170

1585 3896 1717 3949 Istic
1741 3895 1915 3944 vivant
1936 3892 2179 3944 Artorius
2196 3898 2253 3942 et
2271 3891 2486 3944 Catulus
2507 3888 2584 3955 iii,

1585 4027 1769 4078 Istrum
1792 4041 1832 4074 s.
1853 4025 2046 4073 Istrum
2068 4021 2353 4073 Pacuvium
2373 4020 2467 4082 xii,
2489 4021 2583 4068 111

1587 4092 1673 4141 Ita
1694 4090 1760 4140 ad
1783 4105 1936 4155 quem
1957 4089 2227 4139 subridens
2256 4086 2314 4148 ii,
2352 4089 2416 4133 28
2477 4095 2586 4156 ser-

1519 4171 1617 4207 vus
1636 4157 1788 4206 homo
1810 4162 1896 4205 est
1911 4154 1979 4218 vi,
1995 4157 2093 4204 222
2124 4153 2199 4204 ita
2217 4163 2386 4201 secum
2403 4142 2589 4213 (dicit)

1520 4222 1635 4282 xiii,
1655 4226 1717 4270 91

1588 4286 1763 4339 ltaliae
1779 4298 1897 4350 pm
1912 4295 2102 4347 magna
2116 4282 2217 4344 est,
2230 4278 2286 4329 in
2302 4290 2413 4344 qua
2424 4288 2578 4328 nemo
