3050 4913
522 359 654 425 2:34

522 515 775 581 queritur,
810 520 868 565 et
898 512 1198 578 pretendit,
1242 512 1377 580 quod
1410 512 1589 563 fistula

522 597 729 658 penum,
752 599 842 640 aut
865 591 1166 655 scriptorius
1199 591 1440 650 calamus,
1475 597 1589 653 gnt-

524 677 604 721 tas
641 672 915 722 atramenti
960 671 1112 721 nimia
1157 686 1290 735 aqua
1335 670 1484 718 diluti
1533 677 1590 719 et

523 749 777 808 dissoluti,
824 749 1072 811 geminet,
1117 756 1170 797 et
1206 747 1438 811 duplices
1479 745 1591 794 red·

524 824 635 884 dat,
653 832 707 874 et
733 838 986 888 papyrum
1012 824 1086 873 ita
1108 824 1354 872 maculet.
1425 821 1589 870 Gemi·

520 906 608 950 nat
657 915 781 964 ergo
819 906 1002 962 guttas,
1037 915 1154 950 cum
1195 899 1441 964 liquidius
1474 896 1591 946 fluit

526 983 685 1042 atque
708 977 917 1026 uberius
940 992 1089 1042 quiam
1111 992 1204 1040 par
1222 974 1590 1037 sin—Fistula]

526 1053 765 1102 Calamus
789 1053 1112 1116 scriptorius.

591 1135 651 1179 1⁵
692 1132 738 1178 0
775 1130 940 1193 miser]
975 1129 1296 1179 Exclamatio
1319 1128 1591 1193 paedafogi

526 1209 591 1258 ad
617 1208 881 1258 socordem
894 1210 1161 1273 juvenem,
1178 1208 1266 1256 irae
1291 1214 1346 1257 et
1365 1207 1592 1270 indigua-

526 1287 684 1336 tionis
711 1287 878 1349 plena,
900 1287 1035 1350 quod
1062 1287 1128 1336 sit
1152 1286 1324 1348 miser,
1344 1292 1400 1334 et
1422 1283 1593 1348 aptior

524 1362 901 1427 voluptatibus,
946 1377 1095 1425 quam
1143 1362 1371 1422 virtutis,
1418 1367 1474 1410 ct
1512 1376 1591 1409 sa·

527 1439 736 1502 pientiae
787 1439 1221 1502 surdum—Inque,
1252 1438 1360 1500 mu]
1395 1437 1456 1487 ln
1480 1439 1592 1487 dies

524 1516 686 1579 magis
727 1523 886 1579 atque
936 1514 1097 1576 magis
1140 1515 1311 1574 miser,
1337 1513 1589 1576 perditus,

523 1598 580 1640 et
600 1590 895 1654 deploratus
917 1588 1153 1640 futurus:
1189 1591 1391 1653 Nempe
1415 1591 1467 1639 in
1492 1603 1594 1652 quo

526 1667 675 1730 vitia,
698 1682 940 1730 processu
963 1668 1210 1731 temporis
1234 1683 1334 1717 nou
1358 1668 1592 1717 minuen-

525 1752 634 1806 tur,
654 1744 744 1793 sed
781 1746 944 1794 iudies
978 1754 1034 1795 et
1073 1745 1307 1810 quotidie
1350 1759 1593 1807 angmen-

528 1828 636 1872 tum
679 1820 1148 1885 capione—Ultra]
1196 1821 1258 1870 Id
1301 1828 1401 1882 est,
1446 1822 1594 1870 Ulte-

524 1897 649 1959 rius,
668 1906 723 1947 et
747 1901 908 1963 magis
929 1899 1196 1964 magisque
1219 1897 1597 1948 misen—Huc·

524 1975 652 2038 cine]
689 1974 752 2024 Id
777 1984 872 2037 est,
905 1977 1144 2026 Huccine
1170 1976 1516 2039 pervenimus,
1536 1981 1597 2024 ut

525 2052 730 2116 quidvis
755 2054 943 2116 potius,
964 2068 1114 2116 quam
1138 2054 1226 2102 ina
1247 2067 1361 2119 quae
1386 2052 1597 2102 virtutis

529 2137 669 2188 sum,
713 2145 867 2193 agere
910 2130 1208 2193 cupiamus?
1257 2129 1375 2190 Vel,
1413 2127 1497 2177 An
1533 2141 1597 2177 eo

525 2206 715 2256 recidit
740 2222 880 2270 spes,
904 2222 1058 2272 quam
1081 2207 1147 2256 de
1181 2212 1235 2255 te
1276 2212 1516 2269 parentes
1540 2210 1597 2253 et

525 2291 882 2346 preceptores
908 2282 1291 2346 conceperant?
1317 2279 1579 2330 Cambari.

595 2362 657 2407 16
690 2358 791 2407 Aut
829 2373 914 2408 cur
945 2357 1069 2422 non]
1122 2357 1176 2407 Si
1219 2360 1291 2406 ita
1326 2357 1493 2406 animo
1539 2370 1594 2406 es

528 2448 711 2485 averso
731 2450 759 2484 a
778 2435 980 2499 studiis,
995 2444 1051 2486 nt
1070 2449 1315 2500 nugarum
1333 2441 1596 2499 pretextu

527 2525 590 2560 ea
630 2511 856 2572 deseras,
897 2528 988 2563 cur
1021 2514 1177 2563 animi
1211 2528 1418 2563 sensum
1449 2512 1596 2564 dissi·

527 2590 721 2637 mulas?
758 2606 851 2640 cnr
884 2604 1113 2640 amorem
1148 2590 1355 2641 virtutis
1396 2589 1595 2654 profes·

527 2680 614 2716 sus
633 2679 710 2726 es,
730 2682 847 2716 cum
868 2666 1216 2731 Philosophiae
1237 2681 1445 2731 operam
1467 2669 1595 2717 dare

527 2741 770 2806 coepisti?
825 2757 920 2791 cur
962 2758 1060 2792 uon
1101 2743 1269 2806 potius
1314 2744 1597 2807 voluptati·

525 2817 641 2879 bus,
665 2820 870 2881 quaudo
899 2819 1014 2868 illas
1057 2819 1190 2868 tanti
1231 2816 1381 2879 facis,
1411 2826 1464 2868 te
1505 2819 1597 2868 im-

525 2895 733 2959 mergis,
773 2903 827 2944 et
866 2896 1048 2945 virtuti
1088 2896 1258 2960 palam
1299 2896 1598 2945 renuntias?

525 2971 657 3020 Tum
684 2978 741 3021 tu
765 2986 866 3020 nou
902 2972 953 3020 iu
984 2972 1162 3021 schola
1193 2972 1329 3037 apud
1366 2973 1595 3023 Philoso-

526 3048 686 3113 phum
706 3050 835 3098 dure
861 3065 920 3099 ac
939 3064 1125 3112 aspere
1147 3048 1482 3110 educaberis3
1505 3048 1596 3098 sed

529 3124 670 3174 domi
695 3126 744 3174 in
771 3127 982 3176 summis
1006 3126 1216 3184 delitiis,
1239 3139 1381 3174 more
1405 3125 1597 3175 colum-

526 3199 865 3266 borum,quos
885 3204 1074 3266 puellae
1095 3216 1281 3265 magna
1297 3215 1414 3251 cura
1432 3202 1599 3266 alunt,

531 3279 630 3328 &c.
700 3277 848 3327 Idem.

593 3357 657 3403 17
692 3354 932 3418 Pupput-e,
953 3354 1063 3417 ξω]
1097 3353 1162 3403 ld
1189 3360 1289 3419 est,
1321 3354 1506 3403 Cibum
1528 3355 1600 3403 in-

526 3427 765 3492 fantium,
790 3445 957 3494 pupas
991 3431 1224 3481 minutim
1266 3439 1321 3481 et
1352 3428 1599 3481 frustilla-

529 3508 626 3556 tim
665 3522 695 3556 a
738 3510 943 3556 nutrice
993 3508 1431 3571 praemasticatum
1473 3524 1599 3573 pap-

530 3596 657 3646 pare
681 3589 736 3631 et
759 3583 1050 3632 comedere.
1099 3584 1193 3632 Est
1215 3585 1352 3632 euim
1372 3599 1597 3649 pappare,

528 3660 754 3708 minutos
779 3667 832 3708 et
857 3658 1317 3709 commanducatos
1339 3660 1480 3709 cibos
1513 3676 1600 3710 co-

528 3735 762 3795 medere,
808 3737 982 3799 quales
1042 3736 1276 3799 nutrices
1319 3735 1599 3787 infantibus

528 3809 783 3873 praebent.
826 3811 959 3859 Buces
983 3811 1116 3860 enim
1137 3819 1192 3860 et
1207 3826 1404 3877 puppes,
1427 3813 1598 3863 cibum

532 3892 588 3937 et
628 3892 807 3950 potum
850 3902 1124 3950 puerorum
1169 3889 1446 3938 vocabant.
1534 3887 1599 3939 Id

529 3969 629 4024 est,
653 3963 761 4012 Cur
784 3979 883 4013 nou
911 3965 973 4012 ad
1004 3965 1218 4027 primam
1248 3967 1522 4029 pueritiam
1547 3974 1600 4016 et

530 4041 803 4094 infantiam
828 4041 995 4090 redis?
1033 4044 1203 4092 Lubt'n.

596 4123 660 4169 18
694 4116 882 4179 Poscis]
917 4115 1023 4165 Cur
1060 4131 1160 4165 non
1208 4118 1448 4181 minutos,
1468 4119 1599 4169 deli·

531 4203 699 4258 ratos,
724 4200 781 4244 et
805 4199 1013 4243 teneros
1050 4193 1214 4254 cibos,
1238 4208 1380 4243 more
1416 4210 1601 4259 puero-

527 4285 667 4333 rum,
706 4270 942 4337 appetis?
977 4267 1251 4319 infantium
1287 4271 1598 4324 tenellomm

1220 370 1437 421 NOTAE
1484 369 1892 419 vAluoRuu
1940 370 2019 419 ni

1663 525 1859 561 rnorem
1876 509 2448 574 imitanda—nomn]
2468 510 2593 560 No·
2608 509 2741 560 dan·

1666 589 1739 650 di,
1759 589 1850 637 sed
1875 586 2119 650 gignendi
2140 600 2279 636 casu.
2346 587 2564 636 Munna
2582 587 2738 637 Gre-

1668 667 1743 714 cis
1776 663 1960 725 μάμμη,
1990 664 2174 724 aviam,
2214 669 2450 722 matrem,
2482 671 2538 713 et
2571 664 2744 720 nuti-i-

1668 758 1783 793 cem
1825 744 1964 791 inter
2006 743 2107 790 alia
2146 739 2738 804 significan—laium]

1672 821 1918 869 Nutrices
1943 818 2249 879 infantibus,
2273 827 2330 869 ut
2353 819 2635 882 dormiant,
2657 835 2742 869 so·

1669 897 1781 946 lent
1804 897 1982 946 dicere
2024 911 2185 959 saepe,
2216 896 2379 956 Lana,
2415 895 2559 957 latia,
2594 896 2740 945 lalia-

1668 972 1782 1022 Aut
1819 973 2002 1033 dormi,
2042 980 2132 1022 aut
2177 974 2332 1022 lacte.
2410 973 2517 1022 Vct.
2549 971 2742 1021 Sela.—

1669 1049 1884 1112 Luam]
1921 1051 1983 1099 Id
2007 1057 2107 1109 est,
2130 1051 2237 1099 Cur
2259 1064 2466 1098 recusas
2490 1051 2742 1099 crebru-

1668 1129 1795 1178 illud
1820 1131 1939 1180 lalla
1963 1130 2175 1179 attdire?
2210 1137 2269 1179 ut
2290 1131 2455 1178 hellen
2476 1130 2545 1178 sit
2566 1130 2741 1178 nutri·

1668 1219 1787 1255 cum
1811 1207 1934 1256 lalla
1955 1206 2141 1255 crebro
2159 1207 2503 1256 occinentium
2524 1223 2540 1267 ς
2562 1207 2618 1254 id
2636 1213 2745 1270 est,

1670 1283 1923 1333 crebram
1947 1285 2084 1333 illam
2107 1284 2424 1334 lallationem
2449 1285 2532 1332 vel
2553 1290 2740 1333 canta-

1671 1360 1861 1409 tionem
1899 1361 2018 1410 lalla
2065 1376 2322 1422 mamma,
2360 1361 2513 1422 avie,
2551 1361 2741 1410 matris

1667 1438 1752 1485 vel
1774 1438 1989 1486 nutricis
2012 1445 2134 1499 ωε,
2155 1452 2301 1486 more
2338 1451 2616 1501 puerorum
2640 1438 2745 1486 ira-

1664 1521 1832 1564 torum
1852 1530 2053 1565 recusas
2076 1515 2274 1577 audire,
2296 1516 2377 1565 vel
2401 1515 2532 1564 nolis
2554 1514 2622 1563 ab
2648 1515 2744 1563 11111

1667 1591 1720 1640 111
1755 1607 1985 1642 somnum
2019 1593 2165 1642 dari?
2198 1594 2314 1643 Hoc
2338 1593 2475 1641 enim
2500 1592 2741 1655 petulan-

1669 1669 1795 1717 tium
1821 1678 1877 1719 et
1900 1671 2082 1734 supine
2098 1670 2438 1720 delicatorum
2456 1682 2741 1732 puerorum

1667 1744 1954 1809 proprium.
2036 1747 2306 1796 Turnebus
2341 1758 2515 1795 xvnr.
2554 1749 2642 1795 ³4.
2682 1751 2744 1794 et

1672 1833 1789 1872 xix.
1816 1826 1895 1870 12.

1737 1900 1802 1944 19
1821 1896 2038 1961 Auspex]
2062 1898 2238 1948 Verba
2255 1899 2425 1962 ignavi
2447 1898 2743 1949 adolescen-

1672 1969 1761 2034 tis,
1786 1973 2041 2036 ignaviam
2064 1990 2208 2024 suam
2230 1977 2429 2025 calamo
2458 1975 2629 2024 miuus
2651 1975 2746 2025 bo-

1671 2064 1739 2099 no
1777 2053 2093 2103 excusantis.
2162 2051 2247 2101 An
2280 2053 2371 2101 tali
2396 2053 2595 2102 calamo
2633 2059 2742 2101 stu-

1670 2125 1842 2188 deam,
1862 2129 1955 2177 tali
1981 2135 2291 2191 atramento,
2312 2129 2405 2177 tali
2437 2129 2622 2179 charta
2652 2128 2746 2177 ali·

1672 2202 1797 2267 quid
1835 2204 2062 2253 scribere
2116 2203 2432 2254 sustineam?
2479 2204 2745 2268 Respexit

1672 2278 1737 2327 ad
1756 2278 1883 2329 illud
1903 2280 2179 2341 Horatius3
2201 2281 2218 2309 ‘
2240 2282 2532 2345 Culpantur
2545 2280 2744 2331 frustra

1670 2357 2048 2406 calami.’-Cui
2071 2358 2235 2422 mbo]
2288 2359 2469 2408 Verba
2504 2374 2745 2424 pracep-

1671 2434 1821 2497 toris,
1846 2434 2032 2499 quibus
2065 2435 2233 2499 ignavi
2265 2433 2613 2486 adolescentis
2646 2435 2741 2486 fri-

1672 2509 1795 2574 gida
1814 2512 2081 2561 excusatio
2104 2511 2367 2561 refutatur
2387 2527 2453 2561 ex
2482 2513 2743 2563 dissimili·

1671 2585 1948 2636 bus—Cei
1991 2588 2155 2653 cerba]
2220 2589 2453 2639 Protasis
2496 2598 2598 2649 est,
2640 2593 2743 2641 Cui

1672 2668 1729 2711 tu
1772 2663 1933 2711 verba
1965 2664 2085 2714 das?
2134 2671 2282 2714 certe
2322 2679 2423 2715 non
2465 2666 2607 2730 milii,
2645 2669 2742 2718 sed

1673 2738 1769 2788 tibi
1789 2739 1888 2805 ipsi
1911 2740 2038 2792 facis
2061 2742 2319 2807 iujuriam.
2385 2742 2559 2793 Lubia-

1737 2821 1809 2865 20
1836 2816 2072 2881 &cecini-s]
2103 2820 2284 2869 'l'oties
2308 2819 2521 2883 occinis‚
2544 2821 2746 2885 repetis

1673 2899 1730 2941 et
1754 2893 2002 2957 obgannis
2026 2895 2141 2945 illos
2180 2894 2397 2959 frigidos
2431 2904 2748 2960 praetextus.

1672 2969 1912 3033 Metaph.
1930 2986 1962 3019 a
1983 2971 2311 3035 labyrinthis,
2334 2973 2423 3037 qui
2447 2976 2618 3023 varias
2636 2990 2748 3025 am·

1671 3045 1846 3111 bages,
1885 3046 2068 3112 flexus,
2110 3056 2167 3099 et
2200 3051 2486 3100 maeandros
2529 3053 2749 3104 habent.

1674 3123 1780 3173 Hic
1815 3140 1909 3189 pro
1935 3127 2214 3177 verborum
2236 3128 2477 3193 circuitu,
2498 3131 2671 3194 qualis
2694 3131 2748 3180 111

1674 3201 1979 3250 excusandis
1998 3208 2056 3252 et
2077 3204 2308 3254 velandis
2328 3205 2635 3255 criminibus
2658 3206 2751 3256 ad·

1672 3274 1837 3326 hiberi
1859 3279 2209 3343 solen—fibi,
2228 3281 2333 3346 spa]
2364 3283 2437 3332 'l'e
2463 3283 2635 3347 ipsum
2659 3283 2750 3333 de·

1675 3352 1828 3417 cipis.
1895 3355 2055 3406 Quasi
2089 3357 2264 3407 dicat:
2299 3360 2409 3409 Tua
2432 3374 2515 3409 res
2539 3361 2747 3424 agitur5

1675 3430 1742 3479 de
1774 3437 1866 3480 tua
1899 3447 1956 3481 re
1991 3434 2043 3483 in
2080 3434 2203 3484 ludo
2235 3436 2479 3500 exposito
2511 3438 2748 3499 inditum

1677 3511 1768 3556 tua
1789 3508 1943 3572 istuc,
1974 3517 2033 3559 ut
2054 3511 2247 3577 aliquid
2276 3512 2510 3575 studeas,
2533 3521 2592 3564 et
2624 3514 2750 3564 doe—

1676 3588 1779 3646 tus,
1800 3585 2148 3652 honestusque
2169 3588 2376 3652 evadas,
2399 3587 2565 3639 refert
2585 3591 2750 3639 maxi-

1674 3675 1840 3710 me.—
1850 3663 2024 3728 Effluit
2036 3665 2215 3729 cuneus]
2229 3666 2318 3716 Sic
2334 3667 2631 3730 legendum,
2641 3681 2747 3717 non

1676 3741 1747 3788 Et
1778 3737 1920 3802 fiais.
2009 3741 2291 3806 comparat
2327 3743 2462 3792 euim
2492 3744 2746 3807 juvenem

1674 3813 1896 3864 mollitie
1918 3816 2258 3881 depravatum
2278 3834 2391 3869 cum
2425 3835 2550 3870 vase
2578 3819 2749 3883 fictili,

1673 3893 1850 3941 multis
1874 3893 2039 3943 modis
2077 3903 2355 3960 corrupto:
2391 3897 2615 3961 primum
2646 3898 2744 3946 hoc

1675 3975 1778 4031 est,
1809 3970 1945 4035 quod
1987 3971 2169 4023 effluit.
2239 3972 2357 4023 Hoc
2399 3972 2465 4022 de
2509 3988 2574 4022 eo
2612 3974 2747 4022 acci-

1674 4044 1921 4108 piendum
1947 4048 2035 4112 qui
2070 4048 2139 4098 sit
2171 4048 2401 4098 moribus
2424 4048 2746 4112 depravatis,

1674 4127 1730 4171 et
1751 4123 2103 4188 voluptatibus
2126 4122 2341 4175 diffluat.
2378 4127 2583 4175 Camb.
2629 4126 2751 4187 Vel,

1671 4198 1747 4246 Tu
1768 4199 1959 4250 stolide
1977 4205 2034 4249 et
2056 4213 2207 4265 vane,
2227 4215 2328 4251 una
2349 4216 2466 4252 cum
2489 4210 2746 4266 tempore,

1674 4276 1817 4339 quod
1848 4277 2013 4327 solum
2046 4282 2191 4328 tuum
2226 4282 2330 4341 est,
2368 4283 2425 4330 et
2458 4279 2600 4344 qnod
2638 4286 2744 4330 tam
