3050 4913
1083 447 1108 462 .
1168 370 1627 424 Juvnuams.
2333 353 2503 433 1271

272 524 487 574 tenses.
575 513 737 574 Octo
778 514 1009 593 priores
1048 532 1086 574 a
1133 515 1329 577 Gottl.
1359 518 1586 596 Cottio,
1614 527 1677 580 et
1706 518 1969 599 quinque
1996 519 2317 587 Leidenses
2343 545 2380 587 a
2404 528 2502 589 Jo.

275 607 611 670 Scin-adero
640 609 953 690 diligenter
997 611 1142 674 olim
1186 617 1423 677 excussi
1465 627 1628 690 sunt,
1659 617 1899 697 quidam
1929 638 2066 680 vero
2085 620 2217 697 jam
2257 641 2293 682 a
2332 625 2504 688 nobis

273 705 364 766 vel
390 706 525 766 aliis
546 706 772 778 collati,
803 716 866 768 et
893 708 1420 785 Argentomtenses
1444 733 1565 774 non
1592 713 1707 774 nisi
1732 714 1791 774 in
1820 715 2051 777 duabus
2064 718 2274 788 Satiris
2302 721 2509 798 priori-

277 801 389 862 bus
416 804 775 883 comparati.

354 900 444 959 Ex
474 909 573 960 tot
617 903 973 963 membranis
1019 904 1285 965 nondum
1331 906 1614 987 inspectis
1661 927 1874 969 novam
1918 929 2170 990 eamque
2214 910 2505 992 ingentem

277 995 570 1058 variarum
600 999 950 1073 lectionum,
973 1001 1064 1060 vel
1094 1002 1295 1080 potius
1315 1003 1588 1063 vitiorum
1609 1023 2015 1085 errorumque,
2038 1008 2251 1069 molem
2272 1011 2507 1090 congeri

276 1111 474 1170 posse,
505 1113 633 1153 non
676 1106 767 1154 est
817 1095 980 1174 quod
1025 1094 1407 1173 dubitemus.¹
1467 1099 1601 1159 Nec
1634 1110 1830 1162 tamen
1857 1102 2225 1176 crediderim,
2254 1107 2505 1167 multum

277 1187 411 1248 inde
457 1189 539 1249 ad
596 1199 837 1269 pot-tam
884 1200 1152 1252 nostrum
1182 1192 1412 1254 fructus
1455 1193 1774 1268 rediturum
1825 1217 1976 1274 esse.
2057 1200 2212 1258 Nam
2264 1202 2504 1262 codices

277 1284 580 1346 luvenalis
631 1287 801 1367 longe
848 1290 1162 1349 maximam
1209 1298 1440 1368 partem
1493 1299 1634 1350 sunt
1681 1293 2032 1354 recentiores
2076 1314 2271 1374 neque
2326 1296 2507 1390 digni,

279 1382 498 1460 quibus
529 1383 954 1465 comparandis
985 1386 1300 1465 quicquam
1332 1387 1614 1466 temporis
1643 1397 1705 1446 et
1731 1406 1926 1466 operae
1959 1389 2306 1468 impendas:
2347 1401 2407 1453 et
2448 1394 2507 1454 in

281 1480 526 1558 optimis
552 1502 796 1560 quoque
825 1482 924 1541 vix
953 1483 1391 1544 memorabilior
1414 1485 1614 1564 aliqua
1640 1484 1817 1545 lectio
1841 1487 2185 1565 reperietur,
2222 1508 2359 1568 quae
2386 1508 2504 1552 non

282 1597 349 1636 ex
376 1578 508 1638 aliis
529 1580 662 1657 jam
689 1588 931 1640 enotata
960 1580 1053 1641 sit.

1098 1821 1694 1864 W

286 2044 465 2140 0138
476 2092 728 2140 RssvA'r
757 2074 1156 2160 Rupertius,
1197 2073 1522 2157 ingentem
1556 2092 1898 2140 numemm
1929 2074 2129 2143 codd.
2171 2079 2242 2144 in
2270 2079 2510 2148 bibun-

286 2177 497 2243 thecis
511 2199 646 2244 non
663 2179 869 2244 modo
887 2178 1179 2263 publicis
1196 2177 1390 2260 (inpr.
1412 2176 1570 2241 Ital.
1594 2173 1774 2241 Gan.
1793 2182 1860 2241 et
1879 2176 2214 2262 Anglicis)
2233 2183 2352 2247 sed
2371 2186 2508 2269 pri-

287 2283 459 2347 vatis
486 2283 714 2348 latere.
765 2283 874 2347 De
889 2282 999 2368 his
1016 2281 1179 2345 nihil
1198 2279 1600 2363 Rupertius:
1633 2283 1654 2314 ‘
1674 2300 1798 2368 nec
1815 2281 2139 2359 multum,’
2162 2285 2279 2363 ait,
2311 2289 2332 2320 ‘
2352 2287 2508 2353 inde

283 2382 368 2447 ad
412 2382 703 2448 Poetam
728 2389 1031 2448 nostrum
1057 2380 1315 2447 fructus
1342 2381 1712 2446 rediturum
1740 2381 1933 2446 esse!
2020 2381 2117 2448 At
2159 2384 2387 2452 forsan
2436 2389 2509 2454 hi

283 2486 558 2550 codices
603 2506 735 2551 non
761 2487 1036 2551 minoris
1065 2486 1296 2551 saltem
1341 2486 1476 2550 sint
1517 2485 1712 2568 pretii
1740 2505 1941 2568 quam
1981 2488 2098 2569 qui
2124 2489 2211 2553 ab
2241 2490 2396 2572 ipso
2438 2494 2507 2558 et

285 2586 506 2653 doctis
555 2590 706 2673 ejus
757 2587 1177 2653 Germanicis
1229 2586 1647 2670 adjutoribus
1696 2587 1925 2651 collati
1973 2586 2257 2669 fuerint3
2314 2599 2407 2670 et,
2434 2596 2511 2657 ut

288 2710 490 2774 quam
548 2690 943 2773 paucissimi
998 2707 1153 2755 cum
1207 2687 1348 2751 ulla
1389 2686 1681 2751 editione
1737 2685 1782 2751 J
1786 2687 2085 2753 uvehalis
2141 2694 2511 2774 comparati

289 2799 461 2870 sunt,
507 2791 731 2857 adhuc
759 2797 966 2856 restat
1008 2790 1250 2866 doctis,
1297 2789 1412 2872 qui
1443 2807 1562 2852 eos
1590 2788 1993 2866 examinent,
2044 2789 2127 2854 de
2153 2793 2372 2874 pretio
2399 2813 2510 2859 eo-

291 2894 567 2958 rundem
598 2891 1241 2958 statuendum.——-De
1273 2890 1471 2955 codd.
1517 2891 1587 2953 in
1628 2889 1914 2975 publicis
1945 2887 2244 2957 Britann.
2271 2895 2512 2962 biblio-
2612 2868 2627 2884 ⁸

285 2996 499 3060 thecis
545 2995 912 3059 latentibus
960 3013 1184 3077 pauca
1221 2991 1885 3076 quaedam-benevole
1936 2995 2226 3079 accipiet
2269 2996 2512 3064 Lector

287 3119 556 3183 aequuS.

380 3256 646 3323 Codices
688 3255 786 3324 D.
817 3254 888 3321 J.
913 3254 1248 3335 Juvenalis
1277 3255 1346 3320 in
1379 3252 1689 3320 Biblioeh.
1721 3252 1881 3345 Reg.
1915 3253 2087 3322 Mus.
2121 3228 2439 3326 Britoma.
2542 3248 2575 3343 ῤ’

375 3396 490 3460 15.
536 3394 626 3460 A.
664 3412 764 3460 ιν.
810 3393 980 3460 Cod.
1012 3396 1300 3460 chartac.
1346 3395 1511 3459 inter
1563 3392 1701 3457 alia
1740 3394 2030 3459 nominis
2068 3400 2137 3459 et
2166 3397 2388 3461 aetatis
2412 3416 2513 3461 re-
2576 3408 2579 3413 ’

285 3498 613 3563 oentioris
656 3498 926 3561 brevem
975 3497 1044 3560 in
1094 3495 1139 3561 J
1143 3496 1495 3560 uvenalem
1546 3498 2084 3560 commentarium
2143 3499 2512 3581 confinem-21,

293 3600 536 3665 saeculi
572 3614 715 3664 xn.
748 3597 1243 3663 characteribus
1273 3598 1400 3661 sub
1430 3597 1617 3662 initio
1647 3603 1714 3663 et
1739 3596 1868 3660 fine
1896 3599 2471 3665 evanescentibus.

379 3703 494 3766 15.
528 3700 618 3765 A.
651 3716 783 3764 XV.
828 3698 1025 3764 Alius
1073 3699 1140 3764 in
1180 3698 1224 3763 J
1230 3720 1340 3765 uv.
1369 3698 1513 3764 Sat.
1545 3704 1899 3763 comment.
1927 3700 2255 3765 recentior
2281 3708 2347 3767 et
2375 3722 2515 3769 am-

298 3804 494 3887 plior,
525 3802 614 3867 ad
642 3823 801 3887 pag.
832 3803 984 3868 237.
1015 3821 1319 3886 pergens.
1408 3800 1639 3865 Chart.
1667 3806 1834 3865 cent.
1870 3817 2004 3867 xv.

383 3907 492 3971 15.
543 3905 625 3971 Β.
679 3922 876 3971 xvn.
964 3907 1056 3973 D.
1087 3905 1157 3972 J.
1187 3905 1352 3972 Juv.
1384 3904 1528 3969 Sat.
1560 3923 1713 3970 cum
1743 3901 1971 3968 GlosS.
2006 3902 2171 3970 Cod.
2201 3913 2331 3973 vet.
2364 3930 2513 3976 cum

300 4009 474 4073 notis
503 4008 1028 4073 interlinearibus
1056 4013 1125 4073 et
1150 4005 1646 4091 marginalibus,
1739 4005 2111 4073 Membran.
2154 4018 2327 4077 cent.
2358 4029 2469 4077 xi.

351 4110 496 4176 -15.
529 4110 611 4176 Β.
645 4127 878 4174 Χηιῐ.
949 4110 1038 4175 D.
1069 4110 1139 4175 J.
1170 4110 1331 4176 Juv.
1356 4129 1511 4174 cum
1540 4108 1773 4175 Gloss.
1806 4108 1978 4176 Cod.
2011 4118 2139 4177 vet.
2165 4134 2317 4180 cum
2344 4114 2515 4185 notis

300 4212 822 4279 interlinearibus
851 4218 918 4279 et
944 4214 1438 4297 marginalibuS.
