3050 4913
509 326 601 399 42

1266 339 1339 388 A.
1387 339 1636 389 enRsu
1685 338 1946 386 mascel

511 485 622 561 Et,
662 480 790 550 Qui
816 479 1143 547 caeruleum
1171 481 1504 547 dirimebat
1531 481 1732 546 Nerea
1763 480 2049 566 delphin:

511 586 649 662 Sic,
686 582 935 647 Costam
966 583 1145 671 longo
1171 584 1567 648 subduximus
1599 585 1945 679 Apennino.

2620 582 2713 659 9⁵

510 685 711 753 Arma
740 687 967 762 virum,
994 707 1205 752 nonne
1233 689 1359 751 hoc
1387 707 1776 770 spumosum
1806 693 1872 751 et
1900 688 2150 751 cortice
2176 686 2408 770 pingui
2427 688 2462 750 'l

508 788 606 853 Ut
633 791 879 853 ramale
903 795 1091 854 vetus
1119 791 1491 872 praegrandi
1520 791 1758 853 subere
1782 796 2065 855 coctum.

506 957 643 1018 longe

715 955 917 1019 patenti.
986 957 1230 1019 Numquid
1298 971 1389 1004 non
1448 956 1593 1005 etiam
1656 957 1777 1005 illud
1835 970 2062 1021 carmen,
2108 955 2261 1005 Ama
2308 956 2483 1015 virum,
2539 971 2710 1018 spm

504 1020 692 1083 plenum
726 1026 814 1083 est,
855 1026 903 1069 et
940 1035 1093 1069 crasso
1129 1020 1353 1069 induvia.
1340 1016 1365 1054 7
1419 1019 1556 1069 Sicut
1598 1035 1757 1070 ramas
1802 1034 2000 1069 annosus
2049 1021 2262 1069 decoctus
2301 1020 2485 1083 ingenti
2529 1022 2711 1071 subere.

1441 1145 1614 1163 OOOOOO

504 1222 703 1271 monuit
730 1223 988 1287 Josepbns
1027 1224 1271 1286 Scaliger.
1324 1222 1587 1273 Cambon-

1618 1145 1761 1164 00000

1653 1221 1780 1284 Atys
1817 1222 1957 1272 Edit.
1991 1223 2173 1286 Steph.
2234 1222 2369 1272 Attin
2425 1222 2529 1271 ΜΒ.
2576 1222 2709 1270 R.—

505 1290 568 1343 95
602 1285 659 1335 Si
683 1302 774 1350 pro
796 1288 894 1337 Sic.
918 1289 975 1338 C.
1008 1288 1303 1339 Invenimus
1341 1288 1591 1350 scriptum
1625 1302 1656 1335 a
1691 1288 1920 1339 Panium.-
1974 1295 2156 1337 contra
2191 1286 2346 1337 fidem
2380 1288 2705 1349 antiquarum

501 1338 931 1416 membranarum,
970 1361 1027 1404 et
1069 1354 1433 1403 auctoritatem
1481 1351 1789 1404 Quintiliani
1829 1366 1908 1402 nr.
1948 1358 1995 1404 5.
2056 1351 2316 1401 cambou.
2318 1355 2447 1401 -97
2480 1351 2726 1412 vegrandi.

1505 1487 1719 1540 NOTAE

500 1599 581 1649 nit
600 1600 811 1650 Persius
831 1619 843 1651 ε
867 1602 941 1651 ita
962 1617 1148 1668 nempe
1172 1602 1437 1652 consuevit
1460 1602 1566 1653 Ne·

505 1690 563 1724 ro
586 1676 845 1739 rhythmos
869 1680 1077 1741 sectari,
1113 1685 1167 1729 et
1200 1694 1357 1728 vanas
1381 1679 1567 1741 figuras

506 1752 790 1803 duntaxat:
831 1756 906 1804 ita
940 1770 1084 1804 suum
1108 1756 1175 1804 de
1202 1755 1307 1819 Aty
1345 1757 1565 1805 Carmen

501 1827 803 1892 rhythmicis
818 1832 1019 1894 implet,
1039 1832 1182 1897 quasi
1204 1847 1306 1880 una
1327 1832 1430 1881 sint
1448 1832 1564 1880 haec

504 1918 626 1954 vera
648 1906 888 1956 carminis
905 1914 1225 1956 ornamenta.

561 1981 730 2044 Attin]
778 1984 1001 2045 Nempe,
1040 1989 1100 2033 ut
1133 1983 1398 2046 rhythmus
1444 1982 1569 2031 insit

500 2056 752 2120 versibus,
792 2057 953 2118 Attin,
996 2059 1286 2122 legendum,
1325 2073 1427 2108 non
1472 2060 1566 2108 At-

506 2136 613 2195 lys:
645 2140 704 2181 nt
719 2142 896 2185 monet
910 2136 992 2186 Jo.
1008 2136 1255 2198 Scaliger,
1268 2142 1324 2184 et
1341 2135 1428 2183 alii
1446 2135 1567 2183 doc-

498 2206 698 2256 tissimi.
735 2210 836 2258 Dio
860 2209 924 2258 de
959 2210 1187 2270 Nerone,
1226 2210 1565 2273 ἐκιθαρῴδησεν

491 2281 683 2332 Ἄτη-ἳνα
704 2284 735 2341 ᾖ
756 2283 960 2347 Βάκχας.
1009 2286 1156 2335 Idem
1175 2293 1455 2351 suggerunt
1478 2300 1563 2334 ve-

500 2366 637 2410 teres
662 2363 881 2412 Glossae.

560 2436 907 2503 Berecynthius
936 2438 1104 2502 Attin]
1145 2439 1306 2502 Attin,
1326 2438 1435 2488 sive
1473 2441 1562 2489 At-

494 2517 589 2582 tys‚
613 2515 869 2579 Phrygius
896 2531 1023 2580 puer
1066 2517 1339 2566 admodum
1378 2517 1563 2567 formo·

496 2604 580 2639 sus
622 2592 887 2642 adamatus
930 2593 1164 2657 Cybelae,
1189 2609 1303 2658 quae
1335 2609 1365 2643 a
1403 2595 1561 2643 Bere·

494 2668 686 2730 cyntho
709 2675 883 2718 monte
902 2668 1043 2718 Asiae
1066 2670 1294 2730 minoriS,
1314 2670 1398 2719 ubi
1424 2671 1560 2719 cole-

495 2742 668 2805 batur,
708 2760 994 2807 cognomen
1033 2746 1227 2808 adepta
1266 2754 1375 2794 est:
1422 2746 1559 2795 unde

1648 1603 1854 1651 trahere
1894 1603 2087 1652 amavit
2130 1603 2293 1665 Nero,
2337 1601 2616 1651 substituto
2658 1600 2713 1649 in

1647 1678 1806 1728 tertia
1828 1679 1950 1729 sede
1972 1679 2275 1744 frequenter
2296 1678 2540 1742 spondeo.
2583 1677 2713 1725 Por-

1648 1771 1704 1804 ro
1725 1769 1818 1819 per
1850 1764 2045 1807 costam
2084 1754 2361 1820 Apennino
2404 1753 2711 1802 subductam

1646 1830 1896 1895 intelligit
1917 1833 2051 1881 latus
2074 1837 2130 1880 et
2151 1838 2347 1881 certam
2383 1836 2586 1893 partem
2624 1828 2715 1878 Al·

1645 1907 1808 1969 pium,
1854 1909 2087 1958 alludens
2145 1906 2211 1956 ad
2253 1906 2580 1967 Annibalem,
2623 1903 2716 1968 qni

1645 1982 1762 2045 igne
1793 1991 1849 2034 et
1888 1995 2037 2034 aceto
2076 1998 2188 2035 eam
2229 1982 2486 2047 perrupit,
2508 1980 2709 2045 sibique

1645 2070 1839 2120 suoque
1879 2057 2136 2107 exercitui
2175 2057 2308 2106 viam
2336 2058 2555 2121 aperuit.
2586 2056 2711 2105 Plu·

1647 2135 1812 2183 tarch.
1854 2136 1907 2184 in
1952 2135 2077 2184 Vita
2121 2134 2407 2184 Annibalis.
2454 2134 2557 2183 Tit.
2591 2133 2712 2185 Liv.

1644 2209 1679 2259 l.
1716 2223 1837 2260 xxi.

1707 2286 1873 2349 Longo
1910 2286 2183 2349 Apennino]
2225 2286 2402 2348 Longe
2442 2299 2591 2334 mons
2623 2283 2716 2341 ille

1644 2369 1911 2426 protensus
1935 2376 2031 2425 per
2053 2363 2260 2417 Italiam
2282 2361 2502 2410 mediam
2527 2374 2714 2410 excur-

1645 2439 1715 2491 rit
1738 2438 1804 2488 ad
1824 2438 2014 2500 fretum
2030 2452 2188 2504 usqne
2202 2438 2447 2488 Siculum.

1708 2522 1773 2566 96
1804 2517 1956 2566 Arma
1992 2516 2170 2579 cirum]
2217 2515 2419 2578 Virgilii
2442 2514 2712 2564 AEneidem

1641 2593 1906 2657 intelligit.
1973 2592 2229 2643 Nimirum
2273 2591 2475 2653 reponit
2523 2589 2711 2638 Persio

1639 2671 1882 2732 monitor,
1920 2670 2004 2718 vel
2043 2668 2208 2733 quivis
2232 2668 2362 2717 alins
2385 2665 2712 2729 turgidorum

1641 2761 1879 2796 versuum
1924 2744 2114 2795 artifex
2151 2753 2208 2795 et
2254 2751 2532 2808 patronus:
2568 2744 2611 2794 si
2654 2749 2712 2791 tn

493 2819 678 2886 etipse
716 2822 911 2883 pariter
957 2822 1331 2885 Berecynthins
1368 2822 1556 2872 dictus.
1634 2827 1813 2870 nostra
1867 2818 2093 2869 carmina
2147 2832 2250 2868 non
2295 2817 2495 2881 probas,
2561 2816 2711 2888 qnid,

494 2894 581 2942 De
615 2909 676 2943 eo
719 2898 938 2945 Carmen
970 2906 1051 2945 est
1091 2898 1284 2948 Catulli
1307 2900 1559 2961 sexagesi-

494 2983 631 3016 mum
666 2979 918 3034 quartum.
974 2974 1107 3022 Vide
1147 2985 1201 3023 et
1233 2975 1391 3026 ovid.
1417 2976 1559 3028 Past-

496 3056 578 3092 ιν.
639 3045 654 3072 ‘
681 3045 856 3110 Phryx
878 3063 1005 3111 puer
1026 3049 1078 3098 in
1097 3050 1287 3113 sylvis,’
1312 3056 1413 3102 &Q

555 3124 620 3169 ⁰4
653 3121 923 3172 Dirimebat
965 3125 1146 3186 Nerea]
1203 3127 1386 3176 Nando
1422 3143 1560 3178 seca·

493 3192 586 3244 bat
606 3211 764 3247 mare.
784 3198 995 3248 Persius
1014 3202 1186 3264 arguit
1204 3218 1403 3252 versum
1425 3204 1559 3254 hunc

490 3276 735 3337 tanquam
760 3274 1121 3326 audacioribus
1147 3279 1456 3342 metaphoris
1482 3280 1559 3328 in-

488 3344 687 3399 flatum.
744 3352 942 3399 Nereus
972 3352 1115 3401 Deus
1135 3354 1376 3418 marinus,
1395 3362 1557 3406 meto·

487 3423 720 3487 nymice‘is
746 3440 840 3488 pro
861 3427 984 3474 mari
1005 3428 1231 3491 ponitur.

552 3501 786 3565 Delphin]
837 3503 953 3551 Hoc
985 3504 1120 3551 aliud
1154 3518 1265 3554 esse
1286 3506 1430 3554 aiunt
1453 3506 1556 3555 Ne-

489 3578 625 3626 ronis
661 3580 883 3628 Carmen
908 3580 972 3627 de
998 3579 1209 3643 Arione,
1228 3595 1380 3646 quem
1405 3582 1558 3632 dorso

487 3655 693 3717 excepit
717 3656 964 3718 Delphin,
999 3662 1053 3705 et
1075 3657 1138 3705 ad
1167 3663 1372 3721 portum
1396 3658 1556 3710 vexit.

491 3728 633 3791 Lege
655 3729 977 3780 Herodotum
994 3733 1027 3781 l.
1051 3747 1091 3781 1.
1119 3733 1281 3798 Agell.
1301 3748 1412 3785 xvi.
1434 3750 1550 3799 cap.

488 3803 686 3851 ultimo.
733 3805 887 3855 ovid.
935 3808 1072 3857 Fast.
1120 3824 1180 3858 n.
1225 3810 1364 3860 Plin.
1400 3826 1481 3861 rx.
1504 3816 1553 3860 8.

489 3878 581 3928 nbi
601 3880 707 3941 agit
724 3880 787 3928 de
807 3882 1093 3945 Delphinis,
1109 3886 1321 3950 ipsoque
1341 3886 1553 3936 Arione.

553 3959 616 4005 ⁰5
652 3953 759 4016 Sic]
793 3955 854 4002 Id
879 3965 979 4016 est,
1004 3973 1098 4020 per
1121 3960 1335 4009 similem
1356 3962 1554 4010 vanita-

487 4037 615 4093 tem,
635 4027 1034 4095 affectationem,
1051 4048 1292 4085 errorem.

555 4108 744 4155 Cottam
767 4106 1092 4171 subduximus]
1116 4112 1282 4160 Unam
1301 4112 1551 4175 syllabam

486 4180 660 4252 versui
699 4182 907 4233 heroico
932 4189 1175 4252 tanquam
1202 4187 1420 4252 longiori
1439 4189 1558 4240 sub-

1639 2912 1830 2961 quaeso,
1851 2910 2029 2946 censes
2061 2896 2126 2945 de
2148 2895 2434 2959 Virgiliana
2458 2893 2712 2950 AEneide?

1640 2973 1724 3023 An
1741 2989 1842 3023 uon
1867 2981 1920 3022 et
1956 2973 2028 3021 illi
2056 2987 2232 3022 versus
2257 2970 2569 3020 videbuntur
2590 2984 2713 3038 spu-

1638 3049 1766 3098 mosi
1790 3057 1846 3098 et
1869 3046 2032 3097 inflati
2056 3051 2074 3097 ?

1702 3126 2004 3190 Spumans]
2023 3125 2172 3175 Vano
2196 3130 2397 3176 tumore
2424 3122 2569 3171 velut
2592 3137 2710 3185 spu-

1639 3219 1724 3253 ma
1765 3212 2065 3267 turgescens
2087 3203 2432 3263 extrinsecns,
2469 3201 2580 3250 sine
2603 3201 2710 3258 ulla

1637 3279 1773 3328 intus
1796 3278 2021 3328 medulla
2043 3284 2098 3327 et
2119 3292 2290 3327 succo.

1707 3356 1896 3406 Cortice
1911 3353 2104 3418 pingui]
2139 3356 2347 3415 Crasso,
2368 3351 2566 3412 inflato,
2585 3367 2709 3419 qna-

1637 3431 1737 3480 lem
1774 3431 1934 3479 habet
1965 3429 2134 3478 suber.
2200 3427 2335 3476 Vide
2358 3428 2496 3479 Plin.
2517 3441 2636 3476 xvi.
2657 3431 2708 3484 8,

1701 3511 1764 3555 97
1807 3506 1872 3555 Ut
1896 3507 2071 3554 ramale
2115 3504 2271 3567 tetus]
2318 3505 2557 3568 ,iungunt
2596 3505 2713 3556 haee

1635 3582 1794 3648 aliqui
1812 3597 1924 3631 cum
1944 3578 2379 3645 praecedentibus,
2394 3589 2447 3631 et
2466 3580 2712 3630 tribuunt

1637 3658 1901 3719 monitori,
1939 3665 1991 3705 ut
2016 3657 2086 3705 sit
2107 3656 2357 3720 expolitio
2386 3657 2571 3719 prioris
2596 3672 2712 3706 seu·

1638 3734 1834 3784 tentiae.
1902 3731 2273 3782 At‘doctiores
2308 3734 2611 3798 sejungunt,
2650 3740 2711 3786 ut

1635 3812 1704 3860 sit
1747 3809 1915 3859 Persii
1952 3808 2015 3858 ad
2062 3811 2362 3860 monitorem
2400 3810 2667 3873 responsio
2691 3826 2705 3857 ε

1633 3885 1853 3950 grandes
1870 3885 2078 3950 quidem
2101 3895 2156 3934 et
2178 3886 2420 3935 sublimes
2441 3892 2564 3935 sunt
2587 3887 2705 3934 Vir-

1636 3962 1741 4025 gilii
1766 3975 1962 4023 versus‚
1993 3962 2082 4011 sed
2106 3975 2208 4010 non
2230 3959 2408 4023 inflati,
2429 3961 2532 4009 imo
2554 3961 2707 4010 dissi-

1637 4046 1759 4101 pata
1778 4051 1959 4100 spuma
1997 4044 2052 4087 et
2086 4044 2287 4085 tumore
2306 4037 2535 4086 discusso
2562 4038 2706 4087 velut

1635 4113 1776 4164 cocti
1800 4120 1920 4163 sunt
1938 4121 1992 4163 et
2010 4122 2211 4163 maturo
2217 4113 2416 4177 judicio
2436 4112 2701 4177 perfecti:

1636 4191 1825 4244 similes
1869 4205 2010 4244 ramo
2054 4191 2240 4260 veteri,
2263 4204 2448 4262 magno
2471 4190 2708 4264 quidem,
