3050 4913
1194 369 1470 418 aA'rIRA
1517 370 1585 414 V.

270 517 644 593 Contentus
671 534 975 601 perages,
1005 514 1066 581 si
1093 514 1313 580 vivere
1340 524 1505 579 cum·
1517 511 1694 578 Jove
1724 511 1965 580 tendis.

266 620 314 687 J
321 641 431 687 am
462 620 691 705 pueris
717 619 955 719 pellem
984 616 1363 683 succinctus
1392 621 1460 682 et
1485 615 1921 703 oenophorum
1949 620 2181 700 aptas:

2358 353 2488 418 145

2354 618 2493 684 140.

266 866 379 904 rm
399 850 558 915 digito
578 850 780 901 ulian-
801 849 1073 901 delibutun.
1142 850 1264 900 Mox
1295 853 1470 899 autem
1492 848 1742 913 expeditus
1760 847 2289 909 accommdmsmlis
2311 848 2483 901 menti-

1266 1004 1489 1056 NOTAE

262 1115 407 1163 rare,
423 1099 701 1153 formidine
722 1102 925 1153 scilieet
944 1101 1119 1154 Jovisl

335 1179 497 1241 Baro]
534 1178 700 1227 Vetus
717 1178 892 1229 Schol.
912 1178 930 1205 ‘
945 1177 1147 1240 Lingua
1167 1176 1339 1228 Gallo·

263 1267 385 1304 rum
442 1254 660 1304 barones
709 1255 791 1304 vel
833 1268 1051 1304 varones
1095 1254 1339 1304 dicuntur

267 1329 410 1380 servi
431 1330 673 1392 militnm,
696 1332 804 1396 ‘qui
841 1331 1022 1396 utique
1044 1328 1337 1380 stultissimi

272 1411 419 1469 sunt,
439 1406 577 1455 servi
596 1407 847 1457 videlicet
868 1405 1176 1456 stultorum!
1241 1406 1338 1455 Est

270 1481 454 1545 igitur,
470 1480 603 1545 bare,
625 1480 762 1531 idem
785 1496 846 1531 ac
863 1480 1053 1532 bardus
1071 1487 1126 1531 et
1145 1496 1339 1532 vecors.

272 1556 445 1607 Cicer.
474 1555 564 1606 lib.
587 1569 665 1608 tx.
705 1557 875 1620 Epist.
915 1557 1097 1607 Famil.
1137 1558 1337 1608 ultima.

271 1632 413 1682 Item
436 1632 470 1682 Ι.
495 1644 561 1681 ιι.
597 1632 664 1683 de
699 1633 929 1684 Divinat.
954 1633 1052 1683 sub
1080 1632 1253 1698 finem,
1284 1627 1341 1684 et

269 1708 417 1770 alibi,
436 1707 655 1760 baronem
676 1709 824 1773 ponit
848 1724 942 1773 pro
963 1710 1191 1776 stupido.
1243 1712 1341 1761 Le·

270 1792 406 1849 gunt
427 1784 534 1849 alii,
554 1801 684 1847 ean-e,
705 1784 760 1834 id
783 1793 885 1848 est,
906 1785 1143 1850 distorte,
1174 1792 1231 1836 et
1250 1785 1343 1836 ab·

273 1874 456 1911 errans
474 1875 507 1911 a
528 1868 672 1911 recta
692 1861 907 1926 ratione,
928 1861 1019 1912 sed
1051 1876 1342 1927 perperam.

273 1936 522 1987 Habetnr
559 1936 698 1987 euim
734 1937 938 1988 verrin
961 1938 1178 1988 vetustis
1200 1936 1342 1989 codi-

276 2012 445 2064 cibus.

342 2088 661 2152 Regulum
685 2089 841 2153 dig-ito
862 2088 1101 2140 terebrare
1117 2088 1344 2153 minan]

270 2167 510 2230 Scilicet,
524 2182 555 2215 o
580 2166 725 2229 baro,
743 2165 947 2216 modico
971 2166 1114 2216 victu
1135 2177 1345 2217 conten·

275 2250 391 2294 tum
410 2256 525 2293 esse
548 2250 603 2292 te
623 2243 921 2306 oportebit:
942 2244 1174 2308 adeoque
1192 2244 1341 2307 inops

274 2319 401 2382 eris,
424 2325 484 2368 ut
503 2317 661 2368 micas
683 2319 807 2369 salis
839 2319 1053 2383 colligas
1089 2320 1141 2369 in
1177 2318 1340 2368 fundo

275 2395 432 2446 salini
451 2396 642 2461 saepius
658 2395 899 2463 appositi,
919 2403 977 2445 et
994 2395 1211 2462 proinde
1232 2410 1340 2446 sor-

272 2473 407 2525 didi.

343 2552 520 2613 Dicito
537 2551 798 2615 terebrare]
828 2550 1137 2615 Emphatice
1159 2551 1345 2602 omnia.

264 2627 467 2700 ‘Digito
503 2641 760 2692 premere,
794 2635 854 2677 ut
875 2625 1141 2691 perforare
1172 2627 1345 2677 videa-

274 2704 380 2754 ris:

276 2780 401 2830 salis
441 2779 741 2844 pauxillum,
778 2786 928 2830 notas
962 2779 1239 2845 digitorum
1263 2794 1342 2829 re-

271 2856 500 2922 linques.
549 2857 683 2909 Qun
706 2856 877 2908 omnia
896 2862 1186 2920 egestatem
1208 2870 1344 2905 sum·

272 2946 415 2982 mam
438 2941 678 2997 arguunt.

342 3009 582 3072 Saffum]
632 3010 773 3059 Plin.
794 3022 954 3059 xxxx.
976 3013 1027 3058 7.
1046 3008 1114 3059 de
1136 3009 1242 3058 sale
1264 3008 1341 3058 sic

272 3085 435 3137 nabet
452 3100 468 3133 t
500 3087 517 3114 ‘
534 3087 703 3136 Varro
723 3085 1054 3151 pulmentarii
1074 3085 1189 3135 vice
1226 3099 1342 3134 usos

273 3169 483 3212 veteres
516 3170 718 3213 -auctor
772 3167 882 3211 est:
947 3161 1161 3210 esitasse
1204 3159 1343 3210 enim

273 3239 436 3289 salem
457 3254 574 3290 eum
599 3254 733 3303 pane
754 3246 811 3289 et
832 3254 1008 3302 caseo,
1029 3246 1090 3288 ut
1120 3239 1342 3287 Prover-

276 3314 365 3365 bio
385 3315 639 3380 apparet!
675 3316 949 3378 Nimirum,
966 3315 1127 3364 salem
1143 3314 1342 3377 lingere

276 3390 543 3454 dicuntur,
581 3392 671 3456 qui
710 3393 938 3443 tenuiter
976 3390 1248 3441 admodum
1288 3396 1344 3439 et

278 3481 438 3532 parce
458 3468 716 3519 victitant.
736 3469 911 3518 Plaut.
929 3467 1137 3518 Cureul.
1151 3472 1345 3517 act.1v.

274 3557 420 3594 seen.
444 3543 594 3594 ult.‘
615 3543 722 3595 Hic
753 3543 909 3594 hodie
941 3543 1079 3607 apud
1114 3557 1197 3593 me
1218 3556 1345 3591 nun·

277 3634 435 3686 quam
458 3619 692 3683 delinges
714 3619 922 3682 salem?
945 3618 1000 3669 id
1029 3627 1130 3682 est,
1153 3634 1219 3669 ne
1253 3619 1345 3668 mi-

278 3696 479 3747 nimum
501 3696 709 3761 quidem
746 3697 852 3747 cibi
888 3696 1084 3761 capies.
1150 3696 1342 3747 Horat.

277 3771 384 3824 Od.
410 3786 472 3822 ιι.
499 3777 578 3823 lo.
617 3775 633 3803 ‘
654 3772 861 3823 Vivitur
891 3788 1053 3863 parvo
1076 3773 1227 3835 bene,
1260 3773 1345 3823 cui

275 3854 555 3915 paternum
592 3850 845 3915 Splendet
897 3851 952 3900 in
986 3864 1165 3900 mensa
1202 3850 1347 3899 tenui

274 3925 534 3976 salinum.'
601 3927 824 3976 Constat
842 3934 984 3976 certe
1007 3926 1346 3990 pauperrimis

273 4002 401 4051 olim
422 4001 595 4053 eibum
634 4001 793 4052 fuisse
828 4004 985 4054 salem
1025 4018 1141 4053 cum
1180 4017 1346 4068 pane;

272 4079 416 4128 sicut
437 4085 494 4129 et
515 4078 919 4129 Eremicolarum
942 4078 1348 4131 Christianorum

274 4154 560 4206 nonnullis.

344 4233 440 4281 1³0
487 4229 769 4293 Contentus]
822 4232 1033 4283 Frustra
1053 4232 1236 4297 legunt
1251 4231 1349 4283 ali-

1338 4311 1480 4362 Pers.
2302 4308 2359 4359 K

406 4311 585 4377 ncepta.
605 4316 655 4363 ee
683 4312 798 4365 Ver.
823 4313 951 4365 cm.

417 2704 517 2768 vei,
557 2703 865 2769 primoribus
898 2703 1073 2768 digitis
1106 2702 1367 2753 delibans*

1416 1101 1813 1167 ‹inimo-tentas.

1482 1180 1715 1243 Pei-ages]
1748 1181 1855 1230 Per
1888 1184 2053 1231 totam
2086 1178 2248 1230 vitam
2286 1194 2485 1247 pauper

1416 1262 1472 1305 et
1488 1270 1703 1321 egenus.
2489 1262 2496 1274 “

1481 1332 1543 1382 Si
1563 1334 1718 1382 vivere
1733 1346 1839 1382 can
1859 1332 1981 1381 Jove
1996 1330 2174 1396 tendis]
2222 1332 2278 1382 Si
2296 1333 2482 1387 Jovem

1416 1408 1608 1459 habere
1630 1410 1893 1474 placatum
1917 1415 1973 1458 et
1995 1407 2216 1458 amicum
2238 1408 2485 1473 intendis,
2517 1428 2523 1433 ·

1416 1484 1622 1548 integer
1660 1485 1803 1548 vitae,
1846 1484 2159 1549 scelerisque
2194 1499 2377 1551 purus,
2422 1500 2485 1537 ac

1416 1576 1616 1612 morum
1638 1560 1932 1612 sanctitate.

1487 1642 1582 1687 140
1613 1637 1909 1701 Jampuertu
1946 1636 2135 1701 pellem,
2172 1635 2280 1699 ξω]
2314 1635 2485 1686 Dama

1420 1713 1635 1764 tandem
1656 1713 1805 1766 Jovis
1839 1719 1894 1764 et
1932 1712 2263 1763 conscientiae
2284 1720 2483 1762 metum

1421 1805 1484 1840 ac
1502 1789 1737 1839 stimulos
1759 1795 2154 1854 praetergressus
2173 1789 2407 1839 avaritiae
2425 1804 2484 1840 se

1423 1867 1600 1930 tradit,
1617 1868 1728 1932 ejus
1742 1867 1911 1918 victus
1928 1865 2263 1929 argumentis.
2286 1867 2483 1917 Verum

1422 1942 1528 1992 iter
1549 1948 1816 2006 parantem
1830 1940 1895 1991 ad
1915 1941 2160 2005 Indos,et
2179 1941 2298 1989 navi
2312 1941 2496 2005 proxi-z

1424 2033 1564 2068 mum
1592 2019 1704 2083 jam
1744 2023 1801 2068 et
1831 2017 2137 2082 ‘expeditum
2178 2017 2483 2082 aggreditur

1420 2094 1645 2158 luxuria,
1681 2094 1916 2145 deterret
1953 2094 2273 2160 retrahitque
2314 2101 2486 2144 osten-

1422 2177 1540 2221 tans
1563 2171 1795 2221 laborum
1832 2170 2074 2220 duritiam
2100 2175 2157 2220 et
2192 2169 2485 2236 longinqua

1422 2247 1758 2312 navigationis
1778 2247 2038 2298 molestias
2060 2253 2115 2296 et
2138 2246 2389 2311 pericula.

1482 2321 1682 2385 heris]
1713 2323 1916 2387 Legunt
1937 2321 2166 2389 quidam,
2202 2321 2398 2386 pueris,
2432 2321 2485 2371 id

1419 2406 1519 2464 est,
1559 2406 1616 2450 tu
1650 2401 1766 2465 jam
1805 2399 2036 2450 avaritiae
2078 2412 2254 2448 servus
2305 2398 2483 2464 pergis

1419 2493 1521 2545 quo
1541 2484 1695 2529 vocat
1708 2478 1816 2528 ilia.
1883 2477 1986 2528 Sed
2008 2490 2297 2540 perperam.
2364 2477 2483 2527 Nec

1422 2555 1623 2617 melius,
1655 2555 1789 2619 quod
1822 2553 2114 2617 suspicatur
2134 2566 2386 2602 nonnemo
2417 2553 2496 2601 le-v

1425 2631 1648 2695 gendum
1706 2633 1906 2693 postea,
1957 2633 2115 2692 aptus,
2175 2640 2288 2691 pro,
2326 2632 2483 2691 aptas.

1418 2708 1541 2759 Jam
1574 2705 1812 2772 profecto
1844 2706 1994 2770 nugis
2025 2718 2186 2767 nugas
2216 2710 2373 2753 suunt
2393 2715 2485 2768 ap-

1421 2792 1639 2850 tantque
1673 2789 1729 2834 et
1770 2784 1968 2833 somnia
1997 2781 2224 2844 somniis,
2258 2782 2347 2846 qui
2368 2782 2482 2831 aliis

1421 2862 1678 2912 insomnia
1715 2861 1986 2924 objiciunt.
2072 2858 2174 2907 Hic
2216 2872 2340 2907 sane
2378 2871 2486 2908 non

1420 2937 1556 2987 bene
1596 2951 1750 2986 sanus
1814 2934 2082 2985 Marcilius
2125 2932 2383 2996 videatur,
2429 2939 2489 2983 et

1421 3014 1556 3063 male
1594 3010 1896 3064 casaubono
1933 3009 2165 3060 insidiari
2202 3008 2329 3058 alias
2369 3023 2485 3074 per-

1419 3088 1601 3153 spicax
1621 3092 1677 3138 et
1715 3087 1898 3149 solers,
1935 3099 2139 3149 semper
2173 3090 2347 3134 autem
2370 3098 2486 3133 eru·

1421 3163 1581 3215 ditus.

1486 3236 1692 3301 Pellem]
1723 3236 1980 3299 Sarcinas,
2001 3236 2280 3297 saeculum,
2305 3235 2358 3286 iu
2380 3250 2487 3301 quo

1423 3314 1602 3365 itineri
1661 3313 1979 3364 necessaria:
2050 3312 2133 3362 vel
2177 3327 2208 3362 e
2261 3313 2486 3377 pellibus

1422 3391 1631 3442 hirsutis
1666 3397 1863 3441 vestem
1885 3391 1952 3440 ad
1988 3389 2152 3453 frigus
2177 3390 2489 3448 arcendum3

1423 3469 1491 3517 de
1528 3484 1632 3534 qua
1667 3467 1938 3518 Juvenalis
1977 3473 2102 3515 ante
2142 3466 2332 3516 citatus
2373 3465 2486 3515 Sat.

1425 3558 1545 3596 xlv.
1567 3550 1678 3595 186.
1698 3547 1714 3574 ⁴
1738 3544 1843 3597 Qui
1865 3549 2153 3593 summovet
2175 3543 2339 3590 Euros
2366 3540 2489 3589 Pel-

1423 3623 1555 3671 libus
1587 3620 1837 3670 inversis!
1905 3620 1976 3668 Et
2009 3618 2166 3669 ovid.
2201 3616 2365 3667 Trist.
2398 3629 2488 3666 ιιι.

1423 3698 1578 3761 Eleg.
1603 3702 1682 3746 10.
1714 3699 1730 3724 ⁴
1754 3695 2007 3758 Pellibus,
2048 3703 2104 3744 et
2142 3692 2271 3743 sutis
2304 3699 2487 3744 arcent

1423 3773 1561 3823 mala
1583 3770 1774 3836 frigora
1801 3769 2037 3820 braccis.'

1490 3847 1788 3909 Saoce-cm]
1803 3848 2061 3897 Collectas
2085 3852 2141 3896 et
2161 3845 2491 3910 praecinctas,

1426 3938 1568 3973 more
1609 3924 1880 3986 viatorum,
1915 3924 2025 3987 jam
2067 3932 2238 3972 vestes
2275 3921 2488 3972 habens.

1429 4001 1619 4050 Horat.
1636 4001 1748 4051 Sat.
1766 4013 1830 4051 ιι.
1848 4005 1898 4049 6.
1941 4003 1957 4030 ‘
1982 3998 2158 4049 Veluti
2187 3997 2489 4048 succinctus

1428 4075 1645 4126 cursitat
1663 4075 1885 4140 hospes?

1495 4151 1841 4216 OEnophmm]
1889 4153 1995 4202 Vas
2037 4150 2305 4202 vinarium.
2369 4148 2491 4198 Vox

1429 4233 1543 4278 tota
1577 4228 1771 4282 Graeca
1807 4235 1924 4282 est:
1968 4225 2126 4295 ΟῙνοι,
2153 4223 2493 4292 cimoliam,
