3050 4913
525 389 701 459 mo
1254 402 1647 455 nacnusus
1692 405 2032 455 conicum

522 551 721 614 tasad
752 565 848 612 me
873 550 1032 611 misit
1057 546 1306 611 doctiss.
1349 557 1410 609 et
1452 549 1773 610 humaniss.
1803 549 2165 619 Her-bellinus.
2209 550 2313 629 qui
2340 570 2501 612 nunc
2529 553 2756 614 Frane-

525 668 727 730 queroe
755 656 1175 719 commoratur,
1204 655 1266 706 et
1290 646 1369 706 de
1396 646 1538 706 Silio
1567 666 1810 725 quoque
1839 666 1970 706 meo
1996 647 2147 706 bene
2176 646 2419 708 meritus
2446 658 2559 709 est.

609 753 709 806 85.
750 745 1175 826 Fmgmentam
1204 744 1585 824 Erlangeme

522 849 839 915 vetustum,
869 844 1034 923 quod
1075 846 1195 905 Sat.
1230 859 1323 904 vx.
1355 839 1490 903 66-·
1524 848 1657 913 197.
1699 839 2044 904 264-661.
2072 841 2356 912 continet,
2406 851 2467 901 et
2514 856 2756 902 mecum

524 938 607 998 ab
648 939 740 999 lll.
776 942 1048 1002 Harlesio
1081 951 1174 1002 est
1221 940 1743 1011 communicatum,
1787 941 1893 1018 qui
1937 938 2114 999 etiam
2156 938 2440 998 benevole
2478 938 2764 1015 adjunxit

526 1033 668 1096 edit.
700 1037 1011 1099 Marshall.
1037 1036 1229 1098 Lond.
1266 1044 1443 1106 1723.
1473 1036 1651 1114 cujus
1685 1035 1934 1115 margini
1968 1035 2239 1111 ascriptae
2267 1043 2402 1094 sunt
2430 1035 2604 1094 variae
2632 1034 2765 1094 lec-

528 1130 719 1194 tiones
747 1133 974 1196 codicis
993 1137 1109 1196 Ms.
1133 1135 1238 1215 qui
1257 1133 1597 1213 designatur
1613 1133 1780 1193 litera
1796 1133 1892 1217 ⁸E'.
1916 1152 2094 1211 quem
2124 1139 2322 1191 umen
2352 1131 2757 1193 Ebnerianum

523 1231 624 1290 vel
665 1230 1222 1310 Norimbergensem
1255 1250 1300 1293 1.
1334 1251 1461 1291 esse
1503 1251 1645 1290 mox
1678 1229 2084 1289 animadverti.
2188 1230 2597 1308 Fragmentum
2623 1228 2763 1308 ple-

526 1345 778 1406 rumque
806 1330 1097 1390 consentit
1122 1349 1261 1390 cum
1290 1329 1426 1389 cod.
1455 1327 1830 1407 Norimberg.
1861 1325 2054 1398 tertio,
2085 1325 2187 1386 sed
2215 1345 2332 1386 non
2354 1345 2576 1405 paucas
2606 1344 2764 1405 qno-

531 1443 650 1502 qne
677 1425 961 1485 lectiones
990 1436 1117 1486 tum
1145 1427 1307 1499 alias,
1337 1435 1460 1486 tum
1491 1425 1604 1485 sibi
1630 1424 1900 1505 proprias
1926 1424 2189 1496 exhibet,
2232 1432 2295 1484 et
2327 1442 2759 1503 nonnunquam

535 1538 654 1581 non
684 1522 1063 1601 spernendas.

611 1619 763 1679 Aliis
791 1621 1103 1681 codicibus
1130 1621 1282 1681 Mss.
1309 1619 1397 1680 usi
1425 1627 1563 1680 sunt
1592 1618 1966 1701 SalamasiuS,
1989 1617 2272 1696 Scaliger,
2292 1617 2430 1677 Nic.
2451 1614 2757 1690 Heinsius,

532 1716 825 1788 Muretus,
874 1716 1217 1797 Schegkins,
1250 1718 1502 1789 Mercer,
1534 1716 1840 1789 Brodaeus,
1872 1715 2123 1786 Flavius,
2162 1716 2484 1786 Fontanus,
2536 1713 2759 1773 Ritter-

531 1812 776 1883 shusius,
803 1812 1126 1886 Claverius,
1169 1813 1503 1893 Scioppius,
1547 1822 1610 1873 et
1650 1812 1788 1873 alii:
1833 1832 2131 1892 quamque
2180 1812 2242 1871 hi
2268 1812 2327 1870 in
2356 1810 2589 1890 scriptis
2630 1807 2755 1868 suis

527 1917 844 1970 enotarunt
867 1932 940 1970 ex
989 1911 1100 1970 illis
1149 1910 1490 1972 varietatem
1537 1909 1829 1982 lectionis,
1873 1927 1980 1970 nos
2024 1927 2265 1989 quoque
2296 1907 2518 1988 passim
2544 1905 2760 1966 lauda-

537 2025 748 2066 vimus.

616 2103 880 2162 Aliorum
926 2104 1222 2176 codicum,
1269 2104 1374 2184 qni
1427 2103 1693 2166 nondum
1752 2105 2080 2184 comparati
2133 2111 2272 2164 sunt
2324 2121 2462 2162 cum
2519 2100 2765 2179 vulgata

536 2198 855 2276 scriptura,
909 2201 1119 2280 ingens
1168 2222 1443 2264 numerus
1497 2203 1559 2265 in
1614 2203 2011 2273 bibliothecis,
2067 2220 2187 2261 non
2240 2198 2425 2260 modo
2479 2196 2769 2279 publicis,

532 2294 710 2374 (inpr.
742 2297 988 2370 Italicis,
1018 2300 1290 2374 Gallicis,
1319 2310 1379 2363 et
1406 2300 1694 2382 Anglicis)
1722 2300 1825 2362 sed
1852 2300 2028 2360 etiam
2053 2293 2299 2378 'privatis
2318 2297 2457 2357 latet
2481 2316 2496 2355 ε
2540 2316 2600 2355 v.
2619 2314 2679 2355 c.
2697 2295 2763 2355 in

532 2393 820 2456 Biblioth.
869 2397 1220 2460 Gersdorfia
1267 2419 1437 2471 unus,
1485 2404 1573 2478 (v.
1620 2397 1996 2480 Ephemerid.
2042 2397 2189 2459 liter.
2239 2396 2405 2475 Lips.
2448 2393 2651 2468 1710.)
2675 2393 2765 2455 .in

538 2490 966 2572 Rhedigeriana
1006 2495 1149 2569 duo,
1180 2502 1263 2573 (v.
1292 2497 1637 2558 Fiilleboru.
1685 2516 1830 2557 vers.
1878 2514 2139 2575 german.
2183 2492 2363 2554 Persii
2404 2511 2467 2571 p.
2498 2492 2591 2566 V.)
2616 2490 2771 2550 Sen-

534 2586 935 2670 kenbergiana
974 2613 1152 2667 unus,
1199 2594 1424 2655 Thom.
1464 2596 1594 2656 Jos.
1639 2594 1883 2654 Farsetti
1923 2611 2093 2664 unus,
2117 2593 2204 2667 (v.
2232 2589 2288 2650 le
2318 2590 2458 2649 Bret
2485 2587 2767 2666 Magazin

536 2704 674 2751 zum
701 2688 1028 2752 Gebrauch
1075 2692 1183 2752 der
1231 2691 1624 2753 Staatewnnd
1655 2688 2340 2759 Kirchen-Geschichte,
2366 2685 2449 2745 T.
2466 2700 2576 2745 ιν.
2603 2704 2666 2743 n.
2707 2694 2764 2744 1.

536 2783 815 2845 Francof.
846 2789 1048 2861 1774.)
1068 2788 1501 2869 Comburgensi
1529 2808 1715 2868 prope
1744 2789 1963 2848 Halam
1986 2788 2311 2871 Suevorum
2331 2783 2456 2844 duo
2473 2787 2556 2860 (v.
2583 2781 2768 2842 Intel-

537 2876 882 2957 ligenzblatt
909 2881 1186 2970 der-len.
1219 2884 1376 2965 Allg.
1407 2883 1521 2947 Lit.
1552 2885 1702 2946 Zeit.
1740 2884 1917 2955 1796.
1948 2885 2028 2944 N.
2073 2887 2256 2957 153.).
2356 2878 2638 2941 Permulti
2662 2878 2768 2940 nm

537 2986 938 3038 memorantur
984 2978 1043 3039 in
1094 2980 1585 3042 bibliothecarum
1613 2982 1894 3062 catalogis
1924 2980 2478 3059 commentariisque
2503 2979 2770 3045 virorum

459 3116 462 3121 .
537 3066 876 3144 doctorum,
932 3076 1229 3155 praecipue
1284 3076 1346 3137 in
1403 3079 1841 3140 Montfauconii
1896 3078 2185 3139 Biblioth.
2240 3080 2391 3139 Mss.
2469 3077 2771 3137 Praeterea

540 3168 844 3231 variantes
888 3170 1093 3252 viginti
1147 3173 1420 3235 codicum
1490 3175 1782 3237 lectiones
1837 3195 1874 3237 a
1927 3176 2173 3237 doctiss.
2232 3174 2539 3236 Schwabio
2591 3175 2769 3235 Corr-

541 3265 766 3347 Gymn.
795 3266 1022 3340 Vinar„
1064 3287 1102 3328 a
1125 3290 1247 3348 quo
1275 3269 1583 3332 consilium
1614 3272 1828 3333 edendi
1853 3275 1889 3335 J
1896 3274 2154 3335 uvenalis
2180 3273 2482 3351 abjectum
2508 3282 2621 3344 est,
2661 3290 2769 3331 ac·

538 3364 700 3444 cepit
725 3365 818 3424 cl.
852 3365 1110 3440 Gurlt‘tt,
1142 3366 1301 3429 Prof.
1342 3377 1404 3427 ct
1443 3367 1717 3430 Director
1758 3369 1982 3430 scholae
2010 3370 2342 3449 BergensiS,
2371 3369 2473 3448 qui
2498 3368 2555 3427 in
2584 3366 2770 3429 literis

537 3460 617 3523 ad
646 3481 742 3522 me
769 3462 925 3524 datis
951 3482 1151 3525 earnm
1190 3464 1536 3545 propediem
1581 3466 1663 3526 in⁸
1686 3467 1937 3547 prolus's.
1962 3468 2237 3528 scholast.
2280 3464 2773 3546 divulgandamm

539 3579 702 3638 spem
732 3560 894 3622 fecit.
1008 3561 1268 3623 Codices
1310 3563 1392 3623 illi
1433 3572 1609 3624 sunt:
1651 3565 1774 3625 duo
1802 3566 2282 3637 Zwiccavienses,
2311 3569 2593 3643 (quorum
2618 3562 2774 3624 alter

541 3657 684 3717 olim
723 3658 837 3718 fuit
877 3657 1115 3720 Theod.
1144 3660 1481 3736 Pulmanni)
1507 3660 2019 3742 Noviomagensis,
2049 3661 2388 3740 Miggrodii,
2418 3657 2777 3720 Schurzflei-

542 3752 819 3815 schianns
842 3775 890 3815 s.
917 3754 1291 3832 vinariensis,
1320 3758 1444 3819 dno
1471 3758 1979 3838 Hamburgenses,
2003 3754 2470 3827 Chemnicensis,
2500 3755 2774 3834 quinque

538 3849 877 3921 Leidenses,
933 3853 1387 3933 (Lugdunensis,
1444 3855 1736 3928 Perizon„
1794 3855 2053 3935 Philipp.
2091 3864 2152 3916 et
2206 3854 2328 3915 duo
2367 3853 2661 3924 Vossiani,
2707 3851 2769 3910 in

542 3947 734 4009 Catal.
766 3949 917 4010 Bibl.
950 3949 1116 4012 Leid.
1145 3972 1210 4031 p.
1253 3961 1394 4017 325,
1445 3953 1511 4014 b.
1557 3962 1699 4025 494.
1735 3973 1792 4013 a.
1823 3961 1962 4023 374.
1992 3973 2047 4013 a.
2078 3961 2221 4023 873.
2252 3960 2310 4012 a‘.
2338 3960 2482 4022 378.
2510 3952 2594 4025 a.)
2621 3950 2774 4017 Rot-

543 4045 823 4113 tendorfii
858 4067 910 4108 s.
939 4048 1231 4120 withofii,
1255 4050 1636 4125 Lauhnensis,
1663 4050 1793 4130 (qui
1819 4050 2123 4132 quondam
2150 4049 2264 4111 suit
2304 4047 2563 4109 Christio
2606 4045 2777 4108 Prof.

541 4144 734 4226 Lips„
760 4154 886 4205 tnm
917 4144 1226 4205 Illustriss.
1252 4145 1326 4206 de
1355 4146 1536 4219 Zech,
1564 4157 1627 4209 et
1653 4147 1870 4209 deinde
1901 4147 2186 4219 Lanhnio',
2216 4144 2547 4207 consiliario
2572 4144 2777 4205 aulico

543 4241 963 4306 Tenstadiensi
987 4242 1049 4303 in
1077 4262 1235 4324 pago
1262 4243 1658 4327 Thuringico)
1685 4246 1808 4309 dno
1834 4244 2124 4319 Gothani,
2166 4253 2229 4305 et
2264 4253 2386 4308 tres
2412 4244 2778 4322 Argentom-
