3050 4913
493 361 581 428 12
925 405 935 414 ·
1266 381 1362 428 nn
1409 378 1656 428 passu
1709 369 1916 441 vim,

490 543 750 607 semper
771 526 1060 590 animum
1091 524 1516 601 attenderent,
1568 543 1769 608 seque
1805 525 1877 588 in
1905 523 2038 587 illis
2079 523 2476 589 adhibendis
2505 526 2698 590 exerss

455 643 460 646 “
488 629 727 703 cerent,
766 627 1118 707 ‘ingenium
1176 626 1541 706 neglectum
1595 631 2028 702 exaresceret,
2103 627 2449 709 omnisque
2502 646 2698 710 geue·

490 726 708 792 rosior
747 733 815 791 et
855 729 1048 792 altior
1089 729 1359 810 spiritus
1390 734 1509 790 aut
1539 729 2039 808 extingueretur,
2077 733 2193 790 aut
2221 728 2452 792 saltem
2497 729 2694 811 quasi

491 828 926 910 compedibus
945 830 1322 905 vinciretur,
1347 849 1497 911 quae
1519 848 1778 892 omnem
1806 828 2083 893 liberum
2108 845 2375 893 cursum
2401 828 2695 893 retarda-

487 935 630 994 rent
662 934 729 994 et
757 929 1168 1013 impedirent.

574 1031 966 1096 Dramatica
1018 1034 1208 1109 ratio,
1267 1052 1404 1116 qua
1454 1051 1643 1115 saepe
1685 1031 2068 1096 felicissime
2105 1032 2431 1096 Horatius
2464 1031 2689 1109 utitur,

488 1153 771 1219 quaeque
802 1133 1149 1217 prudenter
1178 1134 1473 1198 adhibita
1511 1136 1579 1198 in
1610 1133 1828 1198 satiris
1856 1153 1987 1197 non
2013 1134 2245 1197 ultima
2280 1135 2425 1199 laus
2449 1137 2572 1209 est,
2622 1134 2694 1196 in

484 1233 740 1311 Persio,
789 1236 902 1318 qui
944 1254 1089 1298 eam
1119 1254 1383 1318 quoque
1427 1236 1726 1310 tentavit,
1771 1235 2013 1299 multas
2042 1243 2220 1300 creat
2247 1233 2689 1299 difficultates

486 1334 748 1400 Etenim
774 1336 975 1401 modo
1003 1337 1443 1402 adversarium
1464 1339 1843 1420 loquentem
1865 1337 2146 1414 inducit,
2171 1319 2384 1421 eoque
2409 1335 2688 1400 dimisso

486 1438 710 1503 statim
741 1438 909 1501 alius
959 1438 1028 1500 in
1075 1458 1338 1503 scenam
1381 1441 1622 1523 prodit,
1670 1459 1803 1504 non
1847 1440 1960 1503 ille
2010 1441 2225 1521 prior3
2295 1439 2421 1502 nisi
2473 1437 2691 1502 mavis

483 1544 788 1618 statuere,
818 1560 1057 1624 parum
1083 1543 1415 1623 cogitasse
1456 1543 1783 1619 Persium,
1812 1560 1984 1624 quas
2020 1547 2248 1625 partes
2277 1539 2552 1604 tuendas
2581 1558 2691 1603 se·-

482 1640 616 1705 mel
646 1642 731 1718 e'i,
755 1661 1041 1726 quocum
1069 1631 1201 1706 sibi
1225 1663 1359 1706 rem
1383 1662 1534 1707 esse
1561 1643 1849 1721 finxerit,
1876 1643 2200 1721 tribuerit,
2220 1649 2287 1707 et
2305 1641 2456 1705 inde
2476 1641 2683 1705 modo

482 1743 612 1807 hoc
638 1742 838 1806 modo
865 1744 1028 1808 illud
1058 1744 1510 1810 defendentem
1541 1746 1908 1810 induxisse.
1996 1745 2199 1828 Saepe
2240 1744 2437 1808 etiam
2470 1743 2687 1807 imita-

480 1849 587 1908 tur
612 1850 856 1908 tantum
884 1845 1136 1910 Noster
1157 1847 1434 1911 aliorum
1467 1866 1859 1925 sermonem,
1909 1848 2393 1929 dictionemque
2422 1850 2684 1908 naturae

480 1944 740 2009 illorum
768 1950 834 2007 et
854 1945 1063 2010 indoli
1095 1948 1576 2014 accommodat.
1668 1949 2046 2014 Difficultas
2077 1955 2296 2013 autem
2319 1947 2469 2012 inde
2492 1965 2685 2028 soepe

481 2046 789 2123 oboritur,
832 2046 1010 2127 quod
1053 2050 1121 2110 in
1169 2049 1336 2130 ipsis
1366 2049 1648 2132 dialogis
1678 2070 1808 2120 non
1835 2058 2139 2115 accurate
2169 2049 2337 2114 satis
2365 2054 2432 2113 et
2460 2048 2685 2132 ipsius

481 2155 546 2212 et
574 2147 931 2213 adversarii
961 2156 1181 2234 partes
1211 2149 1511 2216 discretae
1543 2158 1716 2229 sunt,
1745 2158 1819 2217 ut
1847 2153 2072 2216 statim
2100 2172 2251 2216 cum
2279 2152 2501 2227 exiis,
2525 2169 2683 2233 quae

481 2248 803 2330 dicuntur,
833 2256 972 2315 tum
1001 2270 1088 2314 ex
1117 2252 1365 2316 ratione
1405 2251 1667 2316 dicendi
1695 2254 1850 2336 ipsa
1876 2254 2225 2336 intelligas,
2254 2258 2400 2316 uter
2424 2252 2534 2329 sit,
2566 2252 2682 2334 qui

479 2353 807 2435 loquatur,
840 2373 988 2417 cum
1014 2360 1280 2436 repente
1309 2351 1674 2417 orationem
1702 2356 2046 2438 excipiens
2072 2373 2159 2418 ea
2185 2354 2399 2418 dicere
2427 2360 2680 2436 pergat,

482 2468 632 2539 quae
680 2455 1100 2520 adversarius
1147 2474 1430 2520 exorsus
1474 2456 1707 2534 fuerat,
1758 2464 2077 2541 tanquam
2120 2458 2262 2540 ejus
2319 2455 2504 2520 vices
2548 2454 2680 2518 sibi

478 2562 698 2622 essent
723 2559 1042 2623 tutandae.
1128 2558 1417 2624 Pertinet
1444 2558 1710 2642 quidem
1742 2559 1891 2626 haec
1918 2559 2084 2623 ratio
2113 2559 2200 2622 ad
2229 2558 2528 2633 ironiam,
2558 2556 2679 2620 sed

474 2677 783 2741 magnam
834 2661 1028 2724 habet
1075 2660 1465 2738 cautionem,
1509 2679 1592 2724 ne
1621 2662 2083 2745 perspicuitati
2123 2659 2467 2735 officiatur,
2500 2658 2680 2723 cuia

479 2759 703 2843 poetis
731 2761 927 2824 etiam
956 2761 1425 2826 consulendum
1462 2766 1587 2839 est,
1617 2781 1905 2847 quaeque
1933 2763 2020 2827 ab
2049 2762 2136 2826 iis
2162 2766 2409 2825 tantum
2438 2759 2682 2841 negligi

478 2862 667 2939 solet,
693 2863 802 2943 qui
830 2863 1090 2943 ingenio
1136 2862 1429 2929 destituti
1461 2865 1744 2928 aliorum
1788 2865 2074 2929 inventis
2101 2868 2385 2941 utuntur,
2422 2863 2679 2926 novita-

478 2967 740 3045 temque
769 2963 837 3025 in
867 2969 1100 3053 ornatu
1129 2965 1342 3028 solum
1366 2970 1694 3048 quaerunt.

560 3062 807 3129 Verum
852 3067 915 3129 in
942 3066 1158 3131 ironia
1183 3065 1558 3132 adhibenda
1587 3066 1853 3131 Persius
1882 3085 2064 3150 saepe
2106 3065 2551 3149 nequicquam
2578 3064 2678 3129 la·
2710 3060 2719 3070 '

477 3167 760 3232 bol-avia
847 3167 914 3230 N
918 3187 1004 3231 on
1043 3167 1300 3232 videtur
1340 3168 1515 3232 enim
1562 3167 1680 3231 illa
1727 3167 2119 3231 elocutionis
2145 3165 2355 3248 figura
2381 3165 2679 3230 ardentis

475 3288 625 3332 esse
674 3270 938 3352 ingenii,
988 3290 1112 3334 nec
1160 3271 1246 3334 ab
1291 3291 1375 3335 eo
1407 3270 1604 3335 facile
1634 3289 1837 3354 posse
1866 3270 2150 3345 tractari,
2198 3266 2391 3350 cujus
2418 3267 2679 3332 animus

474 3368 760 3450 graviori
786 3370 1012 3452 aliqua
1051 3371 1508 3436 commotionis
1537 3390 1767 3452 genere
1796 3371 2259 3449 conturbatur3
2314 3375 2420 3432 est
2447 3369 2677 3450 potius

472 3468 753 3534 ludentis
796 3476 914 3533 aut
957 3470 1122 3533 risui
1170 3472 1518 3536 stultitiam
1565 3473 1820 3537 salibus
1845 3479 1914 3537 et
1937 3472 2199 3537 facetiis
2229 3470 2673 3554 propinantis.

412 3560 425 3571 ”
477 3569 632 3649 Quo
661 3574 862 3636 etiam
889 3571 987 3649 fit,
1019 3577 1089 3636 ut
1115 3572 1395 3636 Persius
1426 3573 1514 3637 ab
1545 3573 1781 3651 ironia,
1814 3592 1948 3656 qua
1987 3575 2080 3637 uti
2119 3573 2425 3657 coeperit,
2454 3571 2675 3634 statim

475 3673 801 3747 deflectat,
848 3680 1044 3756 atque
1084 3672 1171 3736 ad
1219 3674 1569 3756 pristinam
1606 3675 1996 3756 gravitatem
2020 3679 2088 3736 et
2114 3672 2548 3737 acrimoniam
2574 3689 2677 3734 re-

470 3779 780 3840 vertatur.
871 3775 1156 3840 Omnino
1210 3776 1474 3859 quidem
1528 3775 1598 3840 id
1657 3775 1830 3839 vitio
1875 3792 2006 3838 non
2051 3776 2375 3850 verterim,
2417 3773 2478 3836 si
2527 3773 2677 3856 quis

474 3875 749 3939 ironiam
780 3897 899 3959 per
926 3883 1133 3942 totum
1164 3897 1336 3961 opus
1365 3899 1497 3943 non
1523 3883 1808 3953 tueatur,
1840 3875 2022 3959 quod
2050 3882 2122 3939 ut
2147 3874 2281 3952 fiat,
2314 3894 2358 3937 a
2400 3874 2677 3957 quibus-

473 3975 625 4041 dam
677 3978 1191 4059 pulchritudinis
1237 3987 1303 4045 et
1347 3982 1707 4045 venustatis
1755 3979 2076 4042 doctriuae
2114 3977 2444 4057 magistris
2494 3975 2677 4039 velut

470 4079 617 4160 lege
641 4079 966 4142 sancitum
995 4079 1334 4161 videmus;
1387 4100 1604 4165 neque
1634 4080 1720 4145 ad
1751 4082 2090 4145 Socratem
2131 4077 2463 4159 confugio,
2489 4081 2570 4141 ut
2598 4075 2676 4139 il-

468 4178 598 4244 lius
625 4178 934 4264 exemplo
961 4178 1090 4244 hoc
1120 4180 1485 4261 defendam,
1515 4182 1632 4265 qui
1662 4200 1851 4266 saepc
1879 4181 2052 4247 serio
2084 4178 2260 4250 dicta
2284 4180 2521 4247 irouiae
2547 4179 2671 4245 im·
