3050 4913
1248 388 1529 439 sA'rmA
1574 389 1648 439 V.

337 530 545 612 Quod
572 532 779 599 vivis:
825 533 993 599 cinis
1021 536 1091 599 et
1117 553 1343 599 manes
1373 541 1441 601 et
1466 520 1710 599 fabula
1730 532 1872 599 fies,

332 633 515 701 Vive
540 654 791 701 memor
815 637 967 702 leti:
1013 636 1183 720 fugit
1206 637 1395 701 hora:
1439 636 1597 714 hoc,
1627 635 1807 719 quod
1834 636 2088 719 loquor,
2121 636 2275 701 inde
2304 642 2441 701 est,

330 868 381 914 et
400 862 586 927 mbr-a,
604 868 649 914 et
670 880 838 915 mmo.
913 865 1074 916 Vitam
1092 882 1201 931 age,
1220 874 1422 919 samem
1441 871 1743 920 recordatus.-
1775 874 1956 935 tempus
1986 871 2154 936 effluit.
2221 870 2283 919 Ia
2304 870 2427 935 qnod
2447 871 2540 920 elo·

1261 1024 1349 1044 000
1353 1024 1438 1045 On
1443 1026 1465 1044 θ
1470 1025 1616 1046 “000

328 1121 896 1186 proveniebant—158
929 1128 977 1172 et
996 1125 1119 1187 qaod
1141 1125 1300 1187 loquor
1320 1126 1421 1176 Ms.
1444 1127 1567 1178 Gal.

1333 1256 1385 1307 N
1391 1254 1549 1307 01·AE

331 1345 446 1397 vita
465 1346 688 1396 etannis
710 1347 881 1412 arripe
905 1350 1218 1413 voluptates.
1267 1352 1396 1403 Hor.
1462 1355 1562 1421 fies
1580 1354 1770 1416 subala,
1808 1354 1860 1404 id
1917 1361 2015 1417 est,
2062 1353 2258 1403 redibis
2300 1354 2350 1402 in
2391 1354 2537 1418 prius

333 1421 439 1473 Od.
480 1436 521 1471 1.
570 1428 648 1474 11.
695 1423 887 1488 ‘carpe
926 1424 1099 1474 diem.'
1181 1428 1396 1490 Epicuri

329 1501 474 1564 apud
531 1501 888 1552 Lactantium:
914 1528 923 1533 -
945 1504 961 1531 ‘
989 1503 1393 1568 Voluptatibus,'

327 1576 593 1641 inquiunt,
638 1577 654 1604 ⁴
675 1593 882 1643 quoquo
917 1579 1070 1629 modo
1114 1594 1401 1643 possumus,

332 1652 635 1702 serviamus.
673 1654 830 1703 Brevi
856 1653 990 1703 enim
1015 1661 1252 1720 tempore
1270 1658 1398 1706 nulli

331 1728 523 1776 erimus
546 1727 770 1778 omnino.
835 1730 975 1791 Ergo
1009 1732 1207 1782 nullum
1226 1733 1396 1796 diem,

331 1804 527 1853 nullum
562 1805 806 1868 temporis
845 1816 1093 1870 punctum
1114 1806 1280 1859 fluere
1307 1825 1397 1859 no·

331 1880 411 1930 his
434 1881 545 1930 sine
575 1881 841 1945 voluptate
867 1884 1139 1946 patiamur,
1167 1899 1253 1947 ne,
1276 1887 1399 1950 quia

330 1955 434 2019 ipsi
475 1956 783 2022 quandoque
820 1959 1039 2022 perituri
1083 1976 1276 2023 sumus,
1324 1961 1400 2011 id-

332 2031 502 2095 ipsum
525 2032 663 2096 quod
684 2034 977 2095 vixerimus,
1000 2037 1216 2100 pereat.'

326 2125 359 2159 ,·
399 2109 628 2157 Nostrum
667 2113 897 2174 est,quod
938 2113 1080 2176 vivis]
1146 2112 1252 2164 Blos-
1292 2112 1400 2170 βίον

330 2182 546 2243 δεόμενος
570 2185 655 2234 οὐκ
675 2183 778 2234 ἔστι
805 2184 929 2249 βίος,
967 2188 1141 2253 inquit
1177 2191 1398 2240 Prover-

332 2261 473 2310 bium
495 2262 754 2313 Graecum.
804 2262 957 2313 Unde
980 2265 1178 2315 luxuria
1198 2266 1272 2316 ait
1293 2266 1392 2315 sibi

330 2345 605 2402 acceptam
658 2337 845 2389 referri
901 2347 1143 2404 oportere
1205 2344 1389 2393 Damoe

328 2414 492 2465 vitain
531 2414 760 2478 hilarem,
796 2416 1101 2479 jucundam,
1147 2418 1392 2483 quietam,

333 2494 709 2557 voluptuosam,
750 2509 814 2543 eo
858 2494 995 2581 qnod
1040 2496 1150 2545 sine
1190 2498 1392 2561 gaudiis

331 2583 393 2618 ac
432 2569 785 2634 voluptatibus
828 2570 1021 2635 vivere,
1064 2587 1166 2621 uon
1212 2573 1279 2623 sit
1318 2573 1390 2623 vi·

332 2659 474 2695 vere.

326 2759 331 2766 ι
399 2727 494 2774 152
529 2724 667 2773 Ciuis
705 2730 753 2774 et
804 2737 981 2775 mes
997 2730 1045 2775 et
1066 2725 1240 2787 subala
1268 2726 1388 2790 fles]

328 2800 625 2867 Antequam
646 2803 877 2854 moriaris
908 2803 1081 2855 fruere
1104 2805 1213 2854 vita
1243 2804 1389 2854 vitae-

333 2893 434 2943 que
453 2879 675 2941 deliciis;
708 2894 828 2930 nam
865 2881 1011 2931 brevi
1048 2882 1114 2931 de
1137 2890 1191 2932 te
1214 2888 1390 2931 actum

331 2957 451 3007 erit.
519 2957 653 3007 Haee
677 2957 740 3005 ad
758 2966 984 3008 mentem
999 2959 1393 3022 Epicureorum,

332 3033 559 3097 quicum
580 3047 797 3096 corpore
831 3040 887 3083 et
922 3034 1141 3084 animam
1166 3034 1393 3084 interire

333 3115 546 3173 putant,
581 3117 642 3160 ut
660 3123 776 3159 mox
794 3110 928 3160 dixi:
964 3111 1100 3174 quod
1123 3111 1247 3160 satis
1271 3124 1393 3160 con-

333 3186 475 3237 venit
510 3187 744 3252 loquenti
776 3187 1021 3237 luxuriae:
1058 3202 1123 3237 an
1147 3203 1272 3238 vero
1306 3202 1395 3251 po·

328 3262 432 3313 ,tius
449 3264 731 3314 secundum
750 3264 975 3326 Stoicos,
1001 3279 1030 3313 e
1050 3278 1264 3327 quorum
1284 3279 1396 3328 gre-

331 3338 699 3389 mioPersius?
734 3340 847 3401 Cic.
886 3341 1093 3393 Tuscnl.
1130 3342 1329 3393 Quoest.
1353 3354 1393 3390 1.

331 3428 470 3466 num.
513 3419 598 3465 77.
647 3416 877 3479 ‘Stoici‚'
921 3416 1110 3481 inquit,
1153 3417 1394 3466 ‘usuram

328 3490 476 3540 nobis
499 3491 789 3554 largiuntur
813 3499 1052 3556 tanquam
1072 3492 1390 3543 cornicibus.
1378 3510 1390 3522 ·

330 3565 421 3616 diu
458 3581 723 3616 mansuros
763 3569 909 3618 aiunt
941 3570 1153 3632 animos,
1189 3583 1395 3633 semper

330 3649 503 3693 autem
526 3642 751 3707 negant!
815 3646 885 3694 Et
905 3647 1057 3709 paulo
1080 3652 1215 3710 post,
1243 3660 1288 3696 c.
1310 3649 1391 3696 78.

328 3722 343 3746 ‘
363 3720 509 3771 aiunt
533 3735 739 3772 manere
764 3721 974 3784 animos,
993 3736 1022 3770 e
1038 3736 1258 3786 corpore
1276 3737 1392 3773 cum

331 3796 670 3860 excesserint,
704 3796 797 3846 sed
835 3811 937 3847 non
973 3798 1213 3862 semper!
1240 3839 1245 3844 .
1278 3799 1395 3849 Erit

328 3871 492 3935 igitur
527 3887 726 3935 sensus,
748 3874 848 3939 fies
877 3874 1016 3937 cinis,
1054 3875 1295 3925 nimirum
1326 3890 1392 3925 ex

327 3941 474 3998 more
494 3958 720 4000 cremato
743 3964 964 4015 corpore
986 3958 1095 4013 tuo,
1120 3960 1238 4015 post
1262 3961 1393 4001 nior&

322 4032 457 4086 tem,
479 4026 613 4076 etin
630 4025 863 4076 favillam
899 4040 993 4090 per
1017 4027 1201 4091 iguem,
1214 4028 1391 4078 redac-

328 4107 408 4150 to:
444 4100 634 4151 deinde
657 4102 758 4152 eris
778 4117 958 4164 umes,
995 4099 1187 4166 id'est,
1221 4103 1392 4153 anima

329 4184 420 4226 tua
459 4191 551 4241 per
582 4176 791 4242 aliquod
831 4184 1034 4243 tempus
1074 4179 1303 4231 manebit
1334 4186 1392 4229 et

326 4250 533 4302 durabit
568 4253 709 4317 apud
747 4252 967 4306 Inferos.
1033 4255 1230 4308 Postea
1268 4269 1402 4327 vero.

1478 1431 1718 1480 nibilum:
1755 1432 1864 1482 lnaec
1905 1430 2042 1481 enim
2084 1431 2411 1495 catastrophe
2452 1437 2538 1481 est

1477 1507 1601 1556 vitae
1623 1506 2004 1557 eteonditionis
2025 1507 2278 1570 humanae,
2303 1521 2419 1572 quae
2459 1505 2536 1556 fa-

1478 1582 1611 1631 bulae
1650 1582 1702 1630 in
1746 1583 1937 1632 mundo
1974 1584 2117 1633 velut
2149 1583 2201 1632 in
2240 1583 2441 1633 theatro
2480 1587 2537 1632 et

1478 1671 1635 1707 scena
1657 1665 1883 1722 peracte
1907 1659 2198 1722 comparari
2223 1659 2374 1707 solet.

1527 1734 1735 1796 inanes]
1789 1733 1896 1783 Pro
1919 1735 2050 1783 locis
2073 1732 2402 1784 inferioribus
2424 1734 2538 1784 Μα-

1474 1825 1559 1859 nes
1591 1810 1786 1873 accipit
1826 1810 2072 1860 Macrob.·
2108 1810 2366 1860 saturnal.
2408 1823 2449 1859 1.
2486 1813 2540 1863 8.

1477 1886 1686 1950 Virgil.·
1709 1885 1912 1935 AEneid.
1946 1900 2021 1934 vr.
2062 1898 2156 1950 pro
2200 1886 2380 1948 poenis,
2417 1899 2536 1950 qum

1479 1970 1601 2012 sunt
1640 1961 1778 2026 apud
1821 1959 2043 2012 Inferos.
2110 1961 2235 2025 Alii,
2278 1976 2392 2024 pro·
2415 1958 2536 2012 Diis

1480 2045 1682 2088 tantum
1704 2038 1881 2098 bonis;
1902 2050 2019 2087 nam
2034 2039 2201 2087 Varro
2220 2038 2254 2088 l.
2272 2053 2327 2088 v.
2348 2037 2538 2088 bonum

1477 2114 1704 2179 antiquis
1725 2129 1932 2164 manum
1967 2113 2142 2165 vocari
2163 2114 2270 2175 ait3'
2301 2115 2416 2165 hinc
2439 2128 2537 2177 per

1477 2190 1813 2256 antiphrasim
1849 2191 1996 2257 quasi
2035 2190 2245 2241 minime
2290 2191 2426 2255 boni,
2463 2191 2536 2256 (si

1474 2269 1654 2319 Servio
1676 2267 1831 2333 fides)
1860 2269 1956 2319 Dii
1977 2267 2142 2318 Inferi
2165 2269 2337 2318 Manes
2357 2270 2537 2334 appel·

1472 2345 1664 2395 lantur.
1731 2346 1898 2394 Porro
1921 2344 2141 2395 animum
2162 2357 2192 2392 a
2214 2357 2428 2407 corpore
2457 2358 2535 2393 se-

1473 2428 1708 2485 paratum
1731 2420 1951 2485 Antiqui
1974 2421 2167 2470 Manem
2193 2420 2359 2469 Deum
2373 2433 2535 2470 ηοω-

1474 2498 1612 2548 bant.
1629 2496 1749 2546 -Hic
1771 2497 1988 2546 sumitur
2010 2511 2105 2559 pro
2128 2496 2299 2544 anima
2315 2510 2533 2559 corpore

1471 2574 1657 2624 soluta.
1711 2572 1896 2622 Horat.
1922 2573 2028 2622 od.
2052 2585 2092 2621 ι.
2116 2576 2166 2620 4.
2201 2574 2216 2599 ‘
2240 2571 2375 2621 Vitae
2399 2585 2534 2621 sum-

1471 2663 1555 2698 ma
1588 2649 1760 2698 brevis
1799 2662 1943 2711 spem
1984 2661 2075 2696 nos
2097 2653 2253 2697 .vetat
2290 2647 2534 2696 inchoare

1464 2725 1706 2787 longam.-
1756 2724 1876 2777 Jam
1916 2731 1970 2773 te
2009 2731 2209 2787 premet
2243 2721 2533 2788 nox,fabu-

1471 2802 1641 2865 leque
1675 2800 1884 2851 manes!
1951 2801 2087 2851 Vide
2124 2799 2260 2851 iufra
2304 2809 2380 2851 νε.
2418 2803 2533 2852 186.

1474 2877 1541 2926 ad
1563 2892 1764 2940 vocem,
1780 2877 2023 2927 Lemures.

1538 2953 1722 3003 Fabula
1738 2952 1858 3018 fia]
1901 2953 2346 3016 interpretantur
2377 2954 2536 3017 vulgo

1472 3031 1644 3080 locum
1665 3031 1817 3091 hune,
1841 3030 1977 3080 sicut
2005 3038 2059 3078 et
2091 3029 2278 3080 Horat.
2301 3044 2418 3079 mox
2441 3031 2536 3080 cit.

1474 3107 1543 3155 de
1587 3104 1796 3167 Inferis,
1840 3105 1907 3154 de
1944 3105 2128 3168 quibus
2168 3112 2221 3154 et
2261 3106 2444 3155 Poiitae
2480 3110 2537 3155 et

1474 3177 1777 3245 Philosophi
1821 3188 1900 3232 tot
1945 3188 1999 3231 et
2043 3187 2190 3231 tanta
2228 3190 2442 3230 narrant
2482 3187 2539 3231 et

1473 3261 1788 3311 fabulantur.
1871 3260 2049 3325 Atque
2087 3260 2163 3310 ita
2197 3259 2320 3309 -duae
2358 3273 2534 3324 voces,

1472 3353 1651 3398 maes,
1672 3337 1862 3398 sabulo,
1897 3337 2034 3387 idem
2058 3335 2364 3400 significant.
2419 3335 2533 3385 Po-

1475 3422 1582 3465 test
1603 3416 1757 3466 etiam
1791 3415 1867 3463 ita
1899 3414 2137 3477 intelligi,
2145 3412 2315 3473 sabula
2334 3413 2447 3478 fies,
2481 3412 2535 3460 id

1475 3501 1582 3555 est,
1622 3493 1731 3543 sola
1782 3492 1856 3542 tui
1903 3491 2151 3540 memoria
2196 3488 2435 3549 restabit,
2478 3495 2537 3537 et

1473 3585 1642 3620 sermo
1664 3570 1730 3619 de
1754 3577 1807 3620 te
1841 3567 2014 3617 forsan
2048 3565 2330 3616 faciendus.
2396 3564 2535 3615 Vide

1472 3660 1629 3710 supra
1651 3645 1856 3695 tertiam
1895 3643 2044 3706 hujus
2085 3641 2182 3690 loci
2224 3641 2537 3706 interpreta-

1475 3724 1688 3785 tionem,
1711 3723 1775 3772 ad
1798 3721 1930 3771 hanc
1952 3734 2154 3782 vocem,
2172 3718 2313 3768 mis.

1540 3804 1633 3850 158
1676 3800 1792 3849 Vite
1829 3812 2001 3847 mensor
2034 3796 2140 3859 leti]
2205 3796 2392 3847 Horat.
2422 3795 2536 3847 Sat.

1471 3889 1535 3924 ιι.
1557 3881 1609 3925 6.
1630 3875 1792 3924 ‘Vive
1814 3887 2008 3923 memor
2030 3886 2184 3937 quam
2207 3871 2274 3921 sis
2295 3872 2395 3922 oevi
2417 3872 2535 3964 bre-

1469 3951 1585 4002 vis!

1522 4029 1689 4090 *Fugit
1709 4025 1847 4089 horo]
1911 4027 2038 4075 Vita
2076 4025 2263 4076 sensim
2295 4025 2539 4088 elabitur,

1471 4115 1532 4156 ut
1572 4114 1791 4170 tempus.
1860 4104 1989 4154 Hor.
2029 4103 2133 4153 Od.
2158 4115 2220 4152 u.
2242 4109 2290 4152 6.
2321 4103 2336 4128 ‘
2356 4101 2534 4150 Currit

1471 4181 1610 4231 enim
1633 4179 1782 4229 ferox
1807 4183 1969 4229 aetas:
2033 4178 2217 4244 Virgil.
2249 4178 2266 4207 ‘
2286 4176 2444 4241 Fugit
2466 4176 2535 4225 ir-

1469 4257 1760 4324 reparabile
1784 4256 2024 4322 tempus.’
2049 4255 2052 4258 ’

2418 378 2649 445 149’
