3050 4913
1194 372 1648 424 suvnnsms.
2354 363 2526 431 1191

308 519 507 590 etiam,
556 536 699 597 quae
748 516 1058 597 proecipna
1102 516 1234 594 ejus
1285 518 1471 578 virtus
1516 526 1625 589 est,
1676 517 2099 579 studiosissime
2156 519 2521 600 investigavit

310 627 565 676 mentem
594 614 1029 692 consiliumque
1059 622 1274 692 po‘etae,
1302 624 1362 674 et
1389 623 1511 674 tum
1544 634 1826 674 summam
1857 615 2118 692 cujusvis
2148 616 2362 687 satirae,
2394 628 2522 679 tum

308 711 670 791 singularum
698 710 952 788 partium
1002 710 1536 788 sententiarumque
1574 710 2029 788 copulationem,
2057 713 2176 772 vim
2206 715 2520 791 poeticam,

314 818 707 879 venustatem,
734 807 992 877 facetias,
1021 827 1093 867 ac
1138 808 1340 879 salem,
1385 828 1592 888 magna
1636 809 1868 869 solertia
1906 818 2185 889 rectoque
2213 812 2522 890 elegantia

317 926 481 965 sensu
510 904 857 965 declaravit.
940 906 1121 964 Hanc
1143 905 1222 963 ob
1250 924 1490 964 causam
1538 906 1649 984 ipsi
1698 925 1947 983 quoque¹
1976 907 2269 983 Grangaeo
2311 909 2521 986 proefe·

314 1003 530 1062 rendus
557 1003 816 1073 videtur,
862 1002 965 1079 qui
1005 1001 1159 1061 varia
1201 1001 1460 1079 quidem,
1489 1001 1816 1073 recondita,
1845 1012 1903 1062 et
1931 1004 2219 1079 exquisita
2247 1005 2519 1067 doctrina

310 1119 383 1158 eo
410 1099 678 1178 superior
705 1108 817 1170 est,
861 1098 961 1159 sed
1003 1097 1244 1158 inferior
1288 1100 1441 1159 bene
1481 1110 1869 1178 accurateque
1909 1100 2329 1179 interpretandi
2371 1114 2518 1163 arte.

315 1196 475 1255 Hinc
505 1195 684 1254 etiam
717 1194 1172 1254 commentarius
1224 1194 1541 1257 Britannici
1584 1196 1794 1273 saepius
1822 1196 1931 1254 sub
1961 1197 2184 1275 prelum
2215 1207 2518 1259 revocatus

311 1301 422 1364 est,
449 1310 563 1352 nec
594 1291 853 1362 defuere,
883 1292 986 1369 qui
1012 1311 1326 1371 suppresso
1354 1292 1458 1353 viri
1485 1292 1700 1371 egregii
1729 1292 1981 1364 nomine,
2013 1313 2147 1372 quae
2174 1294 2269 1354 ille
2297 1295 2516 1373 primus

312 1387 668 1458 observavit,
710 1401 990 1468 tanquam
1030 1389 1121 1447 sui
1161 1389 1373 1467 ingenii
1412 1388 1588 1449 foetus
1615 1388 1999 1449 venditarent.
2079 1390 2294 1468 Neque
2322 1400 2518 1452 tamen

314 1484 562 1557 inficior,
592 1486 725 1562 ejus
766 1485 1097 1544 doctrinam
1142 1495 1204 1545 et
1245 1484 1776 1564 interpretationem
1804 1486 2019 1564 saepius
2046 1506 2172 1545 esse
2201 1488 2293 1547 vel
2323 1488 2514 1550 minus
2587 1540 2590 1541 γ

312 1593 676 1654 accuratam,
708 1582 800 1641 vel
837 1582 1007 1641 nimis
1052 1591 1314 1659 argutam
1341 1590 1400 1641 et
1428 1582 1724 1653 subtilem,
1756 1584 2051 1659 copiosam
2080 1592 2142 1642 et
2168 1602 2521 1662 supervacu—

316 1699 430 1751 am,
458 1680 709 1739 alienam
755 1689 813 1738 et
862 1688 1213 1739 contortam.
1295 1679 1612 1738 Dedicavit
1659 1680 2072 1743 commentaria
2114 1699 2219 1739 sua
2266 1678 2517 1742 &mni

308 1780 637 1859 populoque
666 1781 1003 1840 Bri-rinno.-
1044 1778 1101 1838 in
1132 1798 1255 1858 qua
1282 1777 1529 1856 epistola
1554 1777 1778 1836 consilii
1805 1776 1893 1835 sui
1921 1794 2127 1834 causas
2148 1785 2205 1835 et
2234 1777 2519 1840 rationem

315 1875 390 1933 ita
417 1875 706 1953 exponit:
754 1885 772 1909 ‘
792 1878 826 1936 J
834 1876 1086 1936 uvenalis
1113 1878 1347 1956 Satyras
1387 1874 1497 1935 etsi
1541 1874 1900 1953 temporibus
1930 1871 2140 1932 nostris
2163 1891 2195 1930 a
2225 1873 2517 1935 nonnullis

313 1971 435 2031 aliis
463 1973 698 2051 egregie
745 1972 987 2032 literatis
1038 1971 1622 2039 commentatoribus,
1671 1972 1763 2031 vel
1812 1974 1958 2030 cum'
1999 1988 2208 2047 magna
2252 1969 2517 2047 ipsorum

314 2067 507 2141 laude,
535 2079 822 2130 enarratae
846 2071 1100 2143 fuerant,
1128 2069 1384 2147 aggressi
1414 2087 1643 2135 sumus:
1691 2068 1850 2146 quod
1881 2067 2119 2126 omnino
2148 2066 2516 2129 animadver-

312 2174 587 2236 teremus,
617 2166 675 2225 in
705 2176 833 2225 toto
876 2160 1050 2244 opere
1079 2167 1264 2225 multa
1287 2166 1366 2224 ab
1395 2164 1484 2236 iis,
1515 2164 1636 2223 sive
1665 2164 1889 2224 incuria
1916 2164 2195 2240 quadam,
2223 2163 2340 2223 sive
2367 2182 2513 2224 con·

312 2263 465 2322 salta
492 2282 694 2342 opera,
724 2263 1021 2341 praeterita
1039 2282 1182 2334 esse,
1204 2263 1387 2341 quod,
1417 2281 1551 2339 quae
1574 2261 1683 2340 ipsi
1706 2262 1856 2321 forte
1877 2261 2282 2340 intelligerent,
2302 2261 2514 2322 eadem

311 2368 371 2418 et
395 2360 606 2419 ceteris
634 2361 944 2438 perspicua
973 2359 1408 2430 arbitrarentur,
1454 2358 1760 2436 multaque
1804 2358 1980 2417 etiam
2025 2359 2198 2437 longe
2225 2358 2390 2419 aliter
2413 2376 2516 2417 ex-

312 2460 524 2535 posita,
574 2478 749 2537 quam
807 2477 1010 2517 sensus
1063 2454 1334 2517 Auctoris
1380 2466 1745 2535 exposceret.
1827 2458 2080 2533 Hocque
2119 2477 2191 2515 eo
2241 2455 2515 2518 libentius

311 2553 581 2625 fecimus,
633 2554 795 2631 quod
840 2554 874 2613 J
883 2553 1184 2613 uvenalem
1230 2572 1367 2612 eum
1414 2572 1543 2612 esse
1591 2553 1858 2612 novimus
1906 2559 2159 2630 poetam,
2189 2554 2310 2631 qui,
2337 2552 2514 2613 veluti

313 2649 545 2724 flagello
572 2661 755 2729 atque
799 2670 933 2710 ense
979 2649 1343 2727 peccantium
1391 2649 1533 2708 vitia
1579 2667 1949 2728 persequens,
1980 2649 2363 2708 saluberrimo
2390 2666 2517 2708 car·
2564 2689 2569 2694 -

316 2747 483 2806 minis
508 2747 599 2806 sui
628 2748 782 2826 stylo
829 2747 1009 2806 docet
1036 2766 1071 2805 a
1098 2747 1304 2806 semita
1345 2746 1771 2825 turpitudinum
1800 2746 2213 2806 declinandum
2242 2745 2517 2805 honesta-

312 2852 550 2923 temque
591 2843 1173 2923 apprehendendam,
1219 2845 1299 2904 ita
1349 2855 1414 2905 ut
1440 2846 1499 2903 in
1547 2844 1766 2904 scholis
1807 2844 2072 2921 (quando
2118 2843 2517 2902 adolescentes

311 2942 549 3017 poetice
581 2942 919 3001 instituendi
965 2941 1099 3016 sint)
1146 2941 1290 3002 nihil
1335 2942 1454 3002 fere
1498 2942 1694 3001 utilius
1723 2940 2146 3000 fructuosiusve
2174 2939 2285 3017 legi
2314 2947 2514 3018 queat.
2573 2975 2579 2980 ·

312 3035 359 3095 li
384 3039 542 3097 enim
577 3038 720 3097 mihi
759 3049 885 3098 tum
927 3038 1164 3098 demum
1207 3038 1600 3118 probatissimi
1628 3037 1897 3097 videntur
1923 3040 2233 3110 Auctores,
2261 3054 2515 3113 quorum

312 3132 585 3194 doctrina
626 3155 746 3194 non
793 3144 914 3194 tam
954 3136 1028 3195 ad
1058 3136 1440 3215 voluptatem,
1484 3142 1660 3214 quam
1702 3134 1777 3193 ad
1807 3135 2226 3194 institutionem
2256 3142 2515 3192 nostram

316 3230 586 3291 refertur.
672 3230 932 3292 Confido
976 3242 1191 3308 autem,
1237 3234 1294 3292 in
1346 3243 1474 3292 toto
1519 3251 1714 3310 opere,
1753 3239 1966 3308 praeter
2006 3229 2249 3289 sortasse
2277 3228 2385 3288 tria
2412 3236 2517 3288 aut

316 3337 578 3405 quatuor
603 3328 680 3387 ad
711 3348 1003 3388 summum
1047 3329 1194 3399 loca,
1240 3349 1372 3407 quae
1412 3340 1518 3391 aut
1558 3328 1769 3407 ingenii
1811 3328 1921 3387 mei
1964 3326 2383 3395 imbecillitate,
2410 3335 2518 3385 aut

310 3443 532 3484 morum
563 3425 932 3504 ignoratione
975 3436 1236 3486 veterum
1278 3445 1398 3486 non
1445 3426 1744 3486 intellecta
1771 3424 2075 3484 altioribus
2104 3422 2349 3501 ingeniis
2379 3441 2518 3482 eno·

306 3520 500 3580 danda
546 3523 838 3601 relinquo,
884 3523 1026 3583 nihil
1073 3542 1307 3601 prorsus
1355 3523 1642 3594 relictum,
1675 3521 1837 3602 quod
1866 3541 1902 3580 a
1929 3539 2021 3579 me
2049 3540 2165 3580 non
2194 3520 2269 3579 sit
2293 3518 2514 3597 optime

306 3617 720 3688 dilucidatum,
780 3620 1080 3699 multaque
1134 3621 1310 3681 etiam
1358 3621 1529 3699 longe
1578 3621 1792 3681 rectius
1847 3619 2160 3697 explicata,
2219 3633 2395 3696 quam
2434 3614 2513 3675 ab

307 3717 587 3776 omnibus
611 3717 757 3787 aliis,
790 3718 890 3796 qui
918 3728 1049 3777 ante
1071 3717 1241 3778 mein
1263 3718 1422 3778 hunc
1448 3724 1682 3797 poetam
1712 3715 2034 3794 scripsere!
2115 3715 2248 3774 Hoc
2277 3714 2516 3790 quidem

306 3833 475 3873 nemo
502 3814 682 3875 facile
710 3814 947 3892 negabit
971 3834 986 3873 ε
1032 3814 1135 3875 sed
1163 3815 1325 3894 quod
1359 3823 1375 3848 ‘
1401 3814 1474 3874 de
1495 3814 1684 3873 tribus
1706 3822 1809 3872 aut
1836 3820 2090 3888 quatuor
2115 3810 2193 3870 ad
2221 3827 2517 3870 summum

309 3911 450 3970 locis
497 3931 536 3970 a
592 3931 661 3970 se
704 3911 948 3972 fortasse
1002 3930 1121 3972 non
1168 3911 1506 3973 intellectis’
1553 3910 1720 3982 dixit,
1767 3909 1879 3970 etsi
1925 3927 2058 3967 vere
2105 3906 2288 3987 magis
2333 3925 2514 3987 quam

301 4008 596 4083 jactanter
623 4008 854 4068 dictum
884 4009 1115 4081 vellem,
1145 4016 1452 4087 (quantum
1493 4009 1647 4070 enim
1678 4020 1800 4068 tum
1829 4007 1955 4068 aliis
1984 4006 2241 4084 mihique
2279 4004 2517 4064 fecisset

310 4106 409 4164 otii
424 4108 479 4176 Ἰ)
521 4106 742 4164 nollem
789 4115 987 4166 tamen
1031 4106 1084 4165 ei
1123 4108 1456 4169 excidisset.
1539 4107 1702 4179 Quid
1751 4107 1811 4169 in
1852 4123 1926 4166 eo
1965 4103 2218 4184 ejusque
2240 4099 2512 4163 doctrin·

314 4201 768 4281 vituperandum
795 4202 893 4276 sit,
908 4202 1035 4282 jam
1063 4222 1241 4285 supra
1265 4206 1483 4268 monui.
