3050 4913
505 365 555 437 2
1283 378 1381 425 ns
1431 376 1680 426 Pssasn
1732 375 1933 441 viu,

502 522 797 590 funditus
819 522 1125 599 sublata,¹
1173 519 1482 602 Romani,
1511 545 1674 590 cura
1716 545 1930 590 rerum
1977 526 2397 609 publicarum
2437 526 2710 605 omissa,

507 625 972 692 convertebant
1022 625 1274 688 animos
1325 625 1411 689 ad
1462 646 1568 689 res
1616 629 1941 711 privataS,
1992 632 2189 710 atque
2243 647 2426 690 amor
2473 629 2711 711 pahiae

504 726 927 809 studiumque
956 745 1169 789 rerum
1210 729 1655 791 communium
1706 730 1951 792 sensim
1998 729 2373 810 sensimque
2415 730 2715 811 extirpa-

505 828 713 894 batur.
789 827 954 891 Cum
977 827 1122 911 jam
1151 829 1235 891 ab
1259 830 1927 904 uniusbenevolentia
1950 835 2061 910 aut
2086 829 2341 902 invidia
2362 831 2585 893 omnia
2609 830 2715 893 vel

508 927 925 1013 expectanda
952 928 1061 992 vel
1098 927 1390 992 timenda
1430 918 1677 1007 essent,
1721 927 1791 994 id
1838 950 2062 995 omnes
2103 931 2404 1012 agebant,
2434 936 2532 1007 ut,
2564 932 2715 1014 qui-

503 1033 914 1115 buscumque
942 1032 1140 1095 rebus
1171 1038 1467 1115 possent,
1487 1034 1766 1115 gratiam
1797 1036 1941 1119 ejus
1973 1039 2479 1116 aucuparentur,
2502 1053 2712 1118 neque

506 1134 864 1218 quidquam
895 1135 1387 1210 committerent,
1418 1134 1602 1216 quod
1639 1136 1857 1198 minus
1904 1135 2000 1198 illi
2044 1133 2351 1218 placeret.
2443 1134 2714 1199 Delato-

503 1255 644 1300 rum
674 1255 867 1319 porro
898 1254 1148 1317 gregeS,
1194 1255 1315 1319 per
1357 1235 1627 1300 Italiam
1669 1256 2020 1320 omnesque
2055 1237 2433 1320 provincias
2461 1238 2710 1318 sparsi,

504 1357 638 1401 non
665 1338 845 1416 facta
871 1338 1086 1412 solum
1114 1344 1180 1402 et
1204 1336 1407 1413 dicta,
1435 1338 1555 1402 sed
1577 1359 1665 1402 ex
1684 1339 1770 1402 iis
1793 1341 1992 1403 etiam
2020 1339 2252 1404 intima
2280 1327 2484 1402 animi
2514 1357 2715 1402 sensa
2755 1323 2762 1344 ’

504 1440 933 1517 rimabantur,
972 1444 1037 1504 et
1077 1440 1186 1503 vel
1215 1439 1721 1504 domesticorum
1753 1439 1951 1513 fidem
1983 1438 2290 1510 infestam
2328 1438 2712 1504 reddebant.

508 1538 731 1618 Quam
777 1542 864 1605 ob
912 1561 1049 1605 rem
1092 1561 1288 1605 nemo
1333 1542 1609 1606 liberam
1645 1561 1876 1605 vocem
1904 1542 2198 1607 emittere
2228 1541 2558 1620 audebat3
2605 1541 2718 1606 vel

503 1643 692 1707 taciti
722 1642 1200 1725 Imperatorum
1227 1644 1549 1707 insaniam
1575 1663 1810 1726 resque
1844 1643 2099 1726 imperii
2136 1647 2395 1705 mentes
2425 1643 2713 1725 aspicie-

503 1741 686 1820 bant,
733 1744 843 1807 vel
886 1743 1144 1808 occulte
1171 1750 1236 1807 et
1268 1745 1572 1826 ambigue
1615 1746 2065 1826 loquebantur,
2119 1746 2487 1826 sortemque
2518 1762 2710 1807 suam

504 1842 687 1908 domi
716 1844 1171 1909 delitescentes
1199 1845 1528 1927 lugebant.
1618 1845 1787 1909 Inde
1814 1863 2078 1929 quoque
2107 1844 2428 1909 sermonis
2456 1843 2712 1908 indoles

504 1949 569 2008 et
595 1951 825 2008 natura
853 1947 1144 2009 colorem
1171 1947 1412 2025 traxit3
1459 1967 1637 2032 quae,
1679 1968 1831 2012 cum
1873 1953 2067 2012 antea
2111 1946 2398 2030 simplex
2437 1951 2618 2011 esset
2644 1950 2715 2010 et

505 2051 761 2128 aperta,
793 2037 1327 2129 quandoquidem
1357 2050 1596 2111 nemini
1637 2035 1852 2112 fraudi
1880 2055 2044 2125 erat,
2084 2066 2165 2111 ca
2189 2045 2521 2130 proloqui,
2554 2067 2710 2131 quae

507 2147 887 2227 cogitasset,
917 2166 1084 2209 nunc
1115 2148 1512 2212 obscuritate
1542 2148 1833 2231 quadam
1870 2149 2190 2213 obvoluta
2229 2153 2372 2211 erat
2409 2153 2473 2212 et
2511 2153 2711 2227 tecta,

508 2250 705 2329 atque
724 2266 767 2309 a
783 2247 1061 2310 naturali
1085 2247 1512 2331 simplicitate
1536 2250 1604 2313 in
1622 2249 1769 2313 dies
1785 2251 1998 2333 magis
2019 2250 2361 2332 magisque
2385 2248 2711 2314 deflexit.²

507 2347 669 2431 Ipsa
693 2348 1064 2430 eloquentia
1090 2349 1234 2414 foro
1262 2352 1493 2416 relicto
1518 2353 1619 2417 vel
1651 2353 1719 2416 in
1743 2352 2114 2415 scholarum
2135 2350 2537 2414 umbraculis
2560 2353 2716 2415 abs-

507 2449 773 2515 condita
830 2450 962 2514 situ
1005 2454 1558 2537 corrumpebatur,
1610 2455 1719 2519 vel
1767 2456 1835 2519 in
1885 2460 2116 2519 senatu
2159 2453 2502 2537 peregrino
2552 2451 2712 2518 fuco

503 2552 714 2617 oblita
741 2553 809 2615 in
846 2551 1198 2618 laudandis
1237 2554 1750 2640 Imperatoribus
1793 2555 2262 2638 sententiisque
2300 2553 2560 2617 illorum
2590 2542 2711 2618 ali-

494 2655 676 2739 jecte
706 2655 1216 2736 comprobandis
1245 2663 1383 2720 erat
1410 2662 1739 2740 occupata
1762 2677 1781 2737 3
1826 2675 2104 2739 cumque
2131 2673 2348 2720 rerum
2374 2672 2713 2736 argumen-

504 2763 849 2839 torumque
879 2756 1263 2837 magnitudo
1289 2758 1618 2837 deficeret,
1663 2760 1844 2824 inani
1877 2758 2223 2823 verborum
2264 2774 2528 2839 pompae
2559 2775 2713 2820 sen·

501 2858 975 2939 tentiarumque
1032 2858 1271 2922 tumori
1323 2861 1674 2926 studebat-³
1765 2860 1979 2931 Sensu
2036 2857 2457 2922 sublimitatis
2504 2875 2709 2935 verae,

507 2957 792 3036 decoris,
818 2965 886 3022 et
910 2959 1334 3041 ingenuitatis
1359 2963 1622 3041 obtuso,
1647 2962 1936 3029 studium
1953 2959 2415 3025 collocabatur
2431 2959 2501 3021 in
2517 2958 2713 3023 rebus

503 3060 793 3139 minutis,
821 3066 889 3124 et
927 3063 1236 3127 novitatis
1269 3064 1580 3147 cupidine
1623 3073 1690 3130 et
1728 3064 2056 3130 acuminis
2092 3061 2309 3146 jejuni
2355 3060 2712 3141 scriptores

505 3159 773 3225 obscuri
802 3168 869 3224 et
907 3163 1115 3245 inepti
1142 3164 1398 3228 fiebant.
1491 3163 1758 3230 Mutata
1799 3166 1894 3231 rei
1935 3164 2230 3248 publicae
2272 3162 2483 3225 forma
2510 3161 2713 3224 mori-

502 3260 764 3345 busque
793 3264 1089 3345 pristinis
1111 3266 1352 3346 exutiS,
1374 3287 1589 3337 sermo
1616 3268 1882 3353 quidem
1910 3269 2103 3332 novis
2131 3262 2412 3330 subinde
2441 3261 2712 3327 dicendi

501 3363 869 3440 ‚rationibus
887 3370 955 3428 ct
976 3367 1194 3433 verbis
1220 3369 1470 3450 passim
1500 3378 1733 3435 auctus
1751 3374 1872 3448 est,
1895 3369 2232 3453 praecipue
2262 3387 2306 3430 a
2328 3364 2711 3449 peregrinis,

502 3468 621 3553 qui
650 3465 957 3550 undique
1000 3489 1088 3533 ex
1136 3471 1496 3551 provinciis
1544 3471 1831 3536 Romam
1874 3470 2366 3547 confluxerant3
2414 3472 2485 3530 at
2507 3465 2717 3529 multa

501 3570 857 3647 contraxit,
888 3589 1043 3652 quae
1074 3573 1408 3656 antiquam
1435 3575 1784 3657 puritatem
1813 3574 1960 3657 ejus
1984 3570 2457 3654 candoremque
2487 3572 2716 3632 conta-

1509 3788 1721 3839 Nom-2

574 3906 599 3951 l
634 3903 799 3953 Tacit.
833 3901 1021 3955 Annal.
1066 3919 1105 3955 π.
1145 3913 1241 3968 16;
1286 3908 1387 3958 Dio
1423 3911 1567 3960 Cass.
1647 3908 1875 3959 Neronis
1892 3914 2111 3958 mortem
2130 3907 2365 3955 insecuta
2383 3910 2525 3967 sunt,
2540 3905 2717 3954 adum-

510 3991 667 4031 mm.
690 3982 771 4027 20.
797 3977 868 4027 ibi
890 3996 940 4029 v.
970 3983 1199 4033 Reimar.
1220 3985 1432 4035 Sueten.
1452 3986 1567 4035 Tib.
1649 3985 1834 4035 bravit.

501 4050 600 4122 '373
625 4058 880 4122 Pompou.
905 4074 965 4110 ιι.
996 4062 1037 4123 §.
1059 4066 1110 4110 9.
1149 4062 1297 4112 D.de
1320 4077 1395 4112 or.
1421 4063 1538 4114 Jnr.
1717 4067 1746 4111 3
1780 4062 1966 4111 Seuec.
2010 4062 2257 4111 Controv.
2298 4056 2446 4122 pref.
2489 4058 2558 4108 ad
2602 4059 2639 4107 l.
2672 4071 2713 4108 r.

503 4152 510 4159 ·
557 4140 602 4205 ‘2
627 4134 744 4186 Huc
763 4150 966 4201 quoque
981 4140 1146 4200 irnago
1159 4139 1570 4204 pertinet‚quam
1650 4138 1870 4190 Quintil.
1906 4138 2037 4188 lust.
2059 4149 2136 4187 rx.
2161 4141 2207 4187 3.
2254 4134 2458 4186 Auctor
2493 4136 2561 4187 de
2599 4116 2710 4186 cor*-

501 4213 713 4273 OEaeitus
736 4210 908 4279 (ΗΜ.
945 4225 987 4261 1.
1007 4213 1085 4277 2.)
1111 4220 1420 4278 temporum,
1452 4229 1571 4279 qun
1649 4221 1791 4278 rupt.
1812 4216 1950 4280 eloq.
1974 4227 2022 4265 e.
2044 4217 2130 4277 2⁴,
2147 4217 2232 4276 28,
2254 4215 2338 4263 82.
2683 4218 2687 4222 ’
