3050 4913
1281 334 1566 385 SATmA
1612 336 1664 383 1.

348 489 518 555 Sunt
547 501 717 571 quos
745 482 1217 566 Pacuviusque
1245 485 1313 545 et
1335 497 1689 544 verrucosa
1711 482 2000 543 moretur

345 591 662 673 Antiopa,
693 583 980 651 aervtmnis
1009 606 1114 649 cor
1152 580 1549 666 luctificabile
1566 578 1776 667 fulta.

351 693 508 757 Hos
536 691 761 774 pueris
787 690 1072 753 monitus
1100 691 1324 770 patres
1355 683 1692 748 infundere
1727 683 1958 765 lippos

306 873 321 881 ι
349 793 527 859 Cum
554 792 805 867 videas,
836 789 1185 874 quaerisne,
1211 785 1386 851 un'de
1414 786 1561 850 haec
1591 792 1858 866 sartago
1886 781 2200 864 loquendi

2457 778 2553 845 Bfl

346 895 623 962 Venerit
649 895 713 958 in
741 895 999 975 linguas
1020 894 1050 955 ‘t
1098 890 1270 955 unde
1296 889 1471 954 istud
1502 887 1815 962 dedecuS,
1846 886 1914 950 iu
1943 903 2079 968 quo
2147 898 2162 903 ·

338 996 715 1063 Trossulus
741 996 1030 1060 exsultat
1055 994 1176 1058 tibi
1205 1013 1324 1076 por
1351 990 1665 1055 subsellia
1693 989 1861 1052 levis
1885 988 1915 1050 ’ἲ

349 1099 552 1165 Nilne
577 1099 802 1183 pudet,
835 1099 1042 1181 capiti
1070 1115 1202 1160 non
1228 1113 1430 1178 posse
1454 1092 1753 1175 pericula
1780 1109 1949 1154 cano

342 1315 465 1378 gida
484 1314 624 1364 Accii
650 1315 824 1364 Brisei.
890 1316 1035 1364 Modo
1050 1314 1350 1378 reperiuntur
1369 1311 1617 1371 homines,
1640 1323 1752 1373 quos
1765 1306 1976 1358 detineat
2001 1305 2252 1366 Pacuvius,
2280 1304 2329 1352 et
2349 1302 2561 1366 Antiopa

340 1380 577 1429 salebrosa
618 1380 826 1429 cadmum
868 1380 1053 1428 tristem
1105 1379 1298 1428 habens
1336 1376 1573 1427 doloribus
1625 1376 1872 1423 obsessum.

2239 1370 2355 1417 'dem
2406 1367 2563 1416 cernis

1973 1370 2250 1433 andow

339 1450 566 1511 parentes
605 1445 852 1508 lippientes
891 1459 1144 1505 suggerere
1176 1443 1276 1491 haec
1312 1439 1548 1505 pr'aecepta
1574 1438 1843 1499 juvenibus,
1888 1449 2087 1497 rogasse
2118 1436 2239 1482 ande
2259 1433 2353 1481 ista
2372 1431 2561 1480 dicendi

338 1509 521 1571 patella
541 1510 603 1556 ad
623 1524 674 1557 os
692 1510 957 1571 pervenerit
976 1525 995 1565 ,⁰
1032 1515 1086 1556 et
1110 1509 1232 1558 unde
1263 1508 1349 1557 Ιωσ
1368 1506 1593 1569 probrum
1625 1503 1800 1562 veniat,
1820 1503 1882 1549 ad
1916 1501 2039 1564 qaod
2076 1498 2167 1547 tibi
2186 1496 2375 1547 subsilit
2401 1497 2561 1558 Eques

346 1573 591 1622 Romanus
605 1575 797 1636 politus,
813 1589 899 1636 per
924 1576 1055 1622 sedes
1072 1572 1336 1634 inferiores.
1392 1571 1445 1620 N
1446 1571 1593 1618 ullone
1607 1569 1788 1631 pudore
1809 1565 2010 1631 afficeris
2032 1563 2170 1628 quod
2192 1575 2387 1625 nequeas
2404 1574 2563 1611 arcere

1268 1716 1474 1737 OOOOOOO

1478 1714 1623 1734 00000

344 1813 525 1872 potest
568 1823 776 1874 negare.
814 1809 1208 1859 Casaubou.-—82
1241 1811 1420 1859 exultet
1461 1808 1564 1858 Μι.
1611 1805 1860 1857 θαι-84
1896 1798 2037 1854 Quid
2072 1803 2227 1849 vocat
2252 1795 2460 1860 tepidum
2480 1794 2561 1843 de-

1338 1950 1557 2003 NOTAE

347 2065 510 2117 Accio
534 2073 708 2116 vetere
730 2066 898 2116 Poeta
914 2071 972 2117 et
988 2066 1205 2117 Pacuvii
1226 2072 1412 2116 coaeta-

347 2158 467 2205 neo,
492 2145 645 2208 paulo
670 2150 844 2193 tamen
874 2143 1103 2208 juniore,
1133 2158 1284 2208 quem
1308 2142 1414 2191 lau-

345 2220 475 2271 dant
512 2222 652 2270 Tull.
696 2236 789 2284 pro
830 2220 1023 2270 Archia
1071 2218 1256 2271 Poeta.
1301 2219 1413 2268 Ma-

345 2299 491 2348 crob.
527 2299 783 2347 Saturnal.
806 2313 842 2347 t.
866 2303 915 2347 7.
950 2299 1087 2347 Item
1110 2312 1187 2347 vt.
1214 2302 1260 2346 1.
1286 2302 1333 2346 2.
1357 2303 1414 2346 et

344 2380 395 2438 β.
430 2375 669 2423 Valerius
695 2375 835 2423 Max.
860 2388 945 2424 nt.
969 2379 1019 2425 7.
1045 2380 1141 2423 art.
1172 2378 1250 2423 11.
1276 2373 1411 2423 Vide

345 2460 399 2501 et
427 2452 630 2515 Lylium
654 2450 940 2502 Giraldum.

345 2589 355 2602 ..
410 2533 472 2578 77
513 2529 768 2591 Pacuvius]
843 2527 1216 2590 Brundusinus,
1284 2526 1413 2577 anti·

345 2619 475 2669 quus
520 2605 1034 2669 Tragoediographus,
1069 2604 1170 2653 imo
1206 2605 1412 2666 Tragoe-

344 2681 531 2730 dorum
588 2682 861 2745 Princeps,
925 2681 1189 2744 aliquanto
1237 2680 1413 2743 junior

343 2757 558 2826 Plauto,
598 2758 745 2806 Ennii
780 2772 845 2805 ex
872 2771 1048 2806 sorore
1073 2770 1233 2818 nepos
1257 2752 1413 2802 fuisse

343 2832 556 2884 dicitur.
624 2835 701 2883 M.
738 2833 952 2882 Pacuvii
976 2840 1033 2881 et
1061 2832 1119 2881 L.
1141 2830 1290 2879 Accii
1314 2830 1415 2878 col-

341 2908 574 2975 loquium
595 2925 659 2959 ex
685 2911 953 2959 occasione
973 2907 1169 2957 factum
1182 2906 1415 2969 Tarenti,

342 2985 461 3049 lege
486 2987 624 3049 apud
648 2986 908 3049 Agellium
934 2997 1063 3032 xtu.
1080 2987 1127 3032 2.
1147 2984 1268 3031 item
1289 2982 1416 3031 utri-

341 3075 508 3126 usque
531 3062 698 3125 elogia
719 3062 854 3124 apud
874 3059 1092 3111 Quintil.
1116 3072 1171 3107 x.
1199 3064 1243 3106 1.
1268 3058 1413 3106 Duo-

340 3152 456 3186 rum
493 3138 735 3186 horumce
775 3137 1057 3185 Poetarum
1098 3135 1263 3198 stylus
1303 3133 1413 3198 qui·

341 3214 461 3262 dem
486 3228 638 3277 asper
669 3221 724 3262 et
749 3214 924 3271 durus,
948 3219 1178 3262 attamen
1201 3210 1411 3258 interlu-

341 3298 432 3341 cet
459 3291 746 3340 sententiis.

340 3431 351 3438 ·
416 3367 695 3429 Veri-neom]
732 3366 891 3417 Quasi
915 3366 1141 3415 verrucis
1163 3370 1217 3413 et
1241 3370 1406 3412 tumo-

341 3442 489 3491 ribus
510 3459 712 3507 aspera.

408 3525 474 3569 78
507 3520 739 3583 Antiopa]
788 3518 916 3582 Lyci
939 3518 1230 3567 Thebarum
1252 3516 1408 3580 Regis

338 3596 475 3646 tuor
498 3596 563 3645 ob
584 3596 729 3647 Jovis
767 3594 1093 3648 concubitum
1135 3609 1165 3641 a
1198 3594 1306 3641 viro
1330 3607 1406 3641 re-

338 3665 574 3741 pudiata.
603 3672 802 3721 Titulus
826 3678 908 3720 cst
921 3670 1213 3734 Tragoediae
1239 3670 1409 3718 Pacu·

339 3751 528 3807 vianae,
572 3749 717 3812 cujus
760 3747 995 3797 meminit
1024 3746 1221 3794 Tullius
1262 3744 1414 3794 initio

338 3829 378 3884 1.
395 3842 437 3876 1.
464 3828 528 3875 de
554 3824 785 3875 Finibus.
1145 3831 1150 3836 ·

336 3967 347 3974 ⁶
407 3900 821 3964 AErumnisfulta]
860 3897 921 3948 ld
957 3906 1053 3959 est,
1097 3899 1202 3948 suis
1238 3913 1293 3947 se
1315 3898 1408 3947 mi-

339 3980 493 4053 seriis
533 3985 841 4039 sustentans,
875 3975 1147 4024 indurans:
1193 3975 1275 4023 vel
1315 3975 1409 4023 cir·

339 4055 629 4105 cumcincta
652 4050 1049 4101 calamitatibus.
1100 4050 1410 4113 Metaphora

339 4132 468 4181 satis
509 4131 660 4192 dura,
703 4144 854 4195 quam
894 4143 961 4176 ex
1017 4127 1131 4191 ipso
1181 4126 1408 4176 Pacuvio

335 4197 663 4273 de‘promtam
697 4204 783 4254 hie
826 4201 1136 4269 reprehendi
1172 4201 1410 4252 nonnulli

1497 2067 1796 2114 autumant:
1837 2060 1972 2110 sicut
2014 2065 2070 2109 et
2102 2071 2300 2121 vocem,
2335 2050 2564 2121 luctificu-

1493 2140 1606 2190 bile.

1558 2220 1623 2265 79
1656 2214 1764 2263 Hos
1791 2212 1954 2277 pueris
1974 2209 2201 2273 monitus]
2256 2209 2482 2273 Nempe,
2501 2213 2564 2257 ut

1493 2298 1700 2341 veteres
1724 2290 1919 2339 Poe'tas
1942 2295 2223 2336 sectentur.

1558 2371 1621 2415 80
1656 2364 1890 2427 Sar-tngo]
1945 2364 2051 2411 Vas
2097 2361 2326 2426 patulum
2366 2358 2418 2415 in
2456 2372 2561 2423 quo

1491 2442 1598 2494 cibi
1617 2440 1889 2506 friguntur.
1955 2438 2269 2501 Metaphora
2302 2449 2396 2499 pro
2431 2439 2561 2485 stre·

1494 2520 1607 2583 pitu
1629 2516 1877 2566 ferventis
1911 2514 2203 2577 sartaginis,
2239 2512 2322 2559 cui
2344 2510 2561 2559 similem

1489 2595 1602 2643 edit
1621 2607 1800 2643 sonum
1822 2591 1986 2640 oratio
2004 2587 2242 2650 confusa,
2265 2594 2319 2636 et
2346 2586 2559 2635 vocibus

1497 2673 1645 2722 novis
1667 2671 1815 2720 simul
1841 2677 1894 2718 et
1910 2668 2154 2718 obsoletis
2177 2662 2429 2715 conferta.

1559 2753 1620 2797 81
1661 2743 1900 2807 Dedecus]
1953 2742 2153 2792 Infame
2193 2739 2402 2789 dicendi
2437 2735 2564 2788 scri·

1495 2825 1754 2891 bendique
1779 2837 1960 2887 genus.

1559 2906 1621 2950 82
1660 2896 1925 2961 Trossulus]
1959 2895 2006 2946 Α
2028 2893 2265 2944 Trossulo
2279 2893 2563 2941 Tuscorum

1493 2969 1685 3043 oppido
1705 2976 1815 3026 sine
1841 2973 2073 3039 peditum
2098 2986 2196 3034 ope
2215 2975 2392 3033 capto,
2410 2966 2565 3032 Equi·
2593 3009 2600 3024 ,

1495 3063 1574 3107 tes
1596 3055 1813 3104 Romani
1836 3049 2182 3115 cognominati
2208 3054 2328 3096 suut
2349 3044 2564 3093 Trossu-

1492 3134 1547 3182 li.
1616 3129 1902 3194 Accipiunt
1953 3127 2039 3176 alii
2095 3141 2211 3189 pro,
2276 3121 2562 3171 Torosulus

1493 3208 1732 3257 diminut.
1754 3222 1785 3254 a
1818 3206 2071 3263 Torosus3
2109 3210 2166 3251 ut
2209 3206 2454 3250 notentur
2477 3199 2566 3246 ho-

1492 3284 1657 3334 mines
1681 3279 1962 3331 delicatuli.

1552 3359 1810 3422 Subsellia]
1865 3358 1964 3406 Vel
2010 3355 2193 3421 quibus
2245 3349 2558 3416 spectabant

1487 3439 1664 3487 Ludos
1687 3437 1902 3502 Equites
1928 3432 2166 3494 Romani,
2183 3432 2261 3479 vel
2282 3428 2465 3495 quibus
2482 3441 2562 3476 re-

1486 3514 1757 3564 citationes
1802 3510 2101 3568 audiebant,
2147 3514 2204 3556 ut
2247 3519 2404 3567 supra
2446 3501 2563 3551 fuse

1487 3591 1732 3656 explicui,
1763 3588 1827 3638 ad
1872 3602 1988 3636 eum
2033 3587 2237 3633 locum:
2284 3580 2404 3629 Sede
2439 3580 2567 3641 leges

1494 3670 1630 3716 celsa.

1555 3748 1617 3804 83
1654 3740 1802 3790 Nilne
1841 3738 2009 3802 pudet]
2051 3736 2170 3786 Jam
2204 3747 2293 3782 eos
2339 3731 2563 3800 insecta-

1494 3827 1578 3867 tur
1625 3817 1835 3865 Persius
1873 3814 1961 3878 qui
2001 3809 2260 3861 lenocinia
2290 3808 2564 3858 verborum

1490 3902 1599 3944 tam
1617 3891 1848 3943 studiose
1872 3892 1973 3939 imo
1993 3897 2099 3938 tam
2119 3887 2276 3936 stulte
2297 3885 2566 3948 adhibent,

1489 3978 1546 4021 ut
1587 3971 1639 4019 iu
1679 3985 1740 4018 eo
1787 3969 1885 4017 vim
1924 3964 2169 4015 orationis
2221 3961 2563 4022 constituant,

1487 4048 1717 4113 ipsisque
1765 4046 1815 4094 iu
1851 4044 2018 4095 causis
2054 4039 2362 4105 capitalibus
2387 4037 2561 4085 valere

1489 4130 1709 4190 putent:
1755 4123 1887 4171 adeo
1912 4135 2005 4170 sua
2024 4120 2138 4168 illos
2169 4121 2404 4166 excoecat
2427 4125 2562 4159 vana

1489 4199 1852 4254 ostentationis
1875 4204 1931 4249 et
1956 4194 2131 4266 gloriae
2156 4190 2323 4242 inanis
2354 4186 2561 4253 cupido.
