3050 4913
1236 358 1514 412 aarum
1562 360 1614 409 1.

425 513 446 543 ‘
472 507 609 575 Sed
641 507 802 592 quid
830 524 1004 591 opus
1034 512 1293 572 tenerae
1320 507 1615 572 mordaci
1642 506 1868 572 radere
1895 526 2054 572 vero

332 609 747 675 Auriculas‘!
793 609 951 673 vide
982 611 1102 687 εἰς,
1129 628 1214 674 ne
1242 609 1569 693 majolum
1595 610 1720 674 tibi
1746 608 1914 673 forte

332 710 595 777 Limina
622 710 1018 792 frigescant:
1064 716 1258 775 sonat
1285 711 1394 774 hic
1424 711 1506 774 de
1531 730 1691 775 nare
1720 710 1957 775 canina

331 811 604 878 Litera.’
689 812 823 876 Per
851 832 953 875 me
981 811 1287 896 equidem
1315 813 1444 876 sint
1472 812 1693 875 omnia
1720 811 2017 896 protinus
2043 811 2198 876 alba
2221 832 2240 893 ;

2411 811 2540 877 110

333 1036 482 1088 neque
500 1024 675 1073 reddet
696 1034 876 1087 ung-uer
891 1036 1091 1073 armoe.
1156 1023 1226 1074 At
1258 1036 1477 1087 quorsum
1502 1023 1647 1085 juvat
1679 1024 2002 1087 perstringere
2023 1036 2162 1072 aures
2179 1022 2406 1071 delicata
2423 1022 2551 1071 neri-

334 1094 439 1138 me
458 1089 683 1138 irritante
697 1087 723 1139 7
775 1090 917 1151 Cave,
945 1089 988 1137 si
1007 1090 1099 1152 vis,
1126 1104 1184 1138 ne
1201 1088 1414 1149 fortusse
1433 1089 1603 1149 janua
1617 1088 2018 1153 potentiumflant
2041 1088 2132 1137 tibi
2141 1087 2379 1149 frigida.-
2427 1101 2545 1135 nam

332 1152 440 1202 illic
469 1154 610 1203 litera
631 1155 687 1203 ds
707 1168 821 1203 naso
840 1168 1008 1204 cumn
1028 1154 1178 1204 nimis
1200 1158 1378 1217 crepat.
1443 1153 1545 1203 Per
1564 1168 1637 1202 me
1669 1152 1881 1217 profecto
1902 1153 2044 1217 licet,
2075 1155 2241 1201 cunda
2261 1156 2396 1201 santo
2417 1152 2546 1200 dein·

1264 1324 1411 1346 ‘0000
1416 1324 1622 1346 mooe&

335 1455 488 1508 Auia
514 1456 615 1507 Nec
629 1457 839 1522 plum
859 1458 1019 1520 cedit,
1038 1473 1121 1508 nec
1141 1459 1372 1509 demi-sos
1390 1458 1514 1523 sapit
1533 1473 1731 1522 angues.
1771 1458 2226 1523 Koenigiuse-m'I
2257 1457 2420 1507 rodere
2439 1470 2548 1506 vero

1339 1660 1390 1711 N
1397 1660 1560 1712 01·AE

340 1788 636 1850 umarinm,
671 1790 726 1839 in
771 1788 883 1855 qno'
910 1790 1028 1841 libri
1067 1798 1407 1857 reponuntur.

340 1862 618 1914 Praeterea
659 1866 823 1929 plutei
873 1865 1120 1916 militares
1158 1865 1409 1916 vocantur

343 1946 517 1990 crates
537 1941 774 2004 quaedam
809 1939 951 1991 corio
973 1947 1189 2004 opertoe,
1224 1939 1410 2006 quibus

343 2021 467 2065 ante
505 2031 563 2065 se
601 2015 784 2065 locatis
820 2017 1043 2066 hostium
1082 2016 1190 2065 tela
1229 2021 1411 2065 arcent

344 2091 537 2141 milites
560 2090 681 2140 dum
702 2089 903 2141 faciunt
922 2107 1069 2156 opus.
1134 2091 1275 2157 Lips.
1309 2092 1409 2142 Po·

342 2162 550 2217 liorcet.
573 2167 664 2218 lib.
684 2181 721 2218 1.
744 2168 931 2233 dialog.
956 2173 1004 2219 7.

412 2244 517 2293 Nec
546 2244 759 2306 pluteum
794 2244 959 2308 coedit]
1020 2244 1150 2294 Tale
1190 2242 1410 2293 Carmen

348 2331 452 2368 non
474 2318 704 2368 ostendit
740 2333 1037 2383 percussum
1077 2334 1108 2368 a
1147 2317 1413 2382 scriptore

346 2394 602 2460 pluteum,
637 2402 694 2444 et
738 2395 996 2459 pulsatum
1036 2411 1144 2461 prae
1182 2395 1414 2461 indigna·

349 2470 514 2533 tione,
566 2471 702 2535 quod
745 2472 941 2522 animus
982 2471 1048 2521 ad
1090 2481 1266 2522 votnm
1310 2486 1413 2522 non

350 2553 675 2609 suggereret.
762 2547 904 2597 Quin
927 2547 1014 2597 ille
1046 2562 1225 2611 parum
1246 2545 1415 2595 solici-

351 2629 438 2670 tus
461 2618 565 2670 fuit
587 2636 739 2686 quam
765 2622 944 2685 bonos,
972 2623 1066 2672 sed
1102 2637 1253 2687 qnam
1288 2623 1414 2672 mul·

352 2705 436 2748 tos
476 2705 531 2746 et
571 2695 753 2747 faciles
793 2697 1036 2748 funderet
1060 2714 1257 2762 versus,
1278 2699 1415 2749 uude

352 2788 451 2824 nec
491 2774 675 2823 mirum
712 2775 756 2823 si
794 2788 1093 2837 exsuccum,
1123 2789 1331 2836 enerve,
1361 2780 1417 2824 et

353 2846 557 2899 elumbe
580 2864 787 2899 carmen
810 2855 908 2913 est,
929 2849 1066 2915 quod
1101 2850 1212 2899 sine
1247 2849 1418 2899 delec-

352 2935 431 2990 tu,
454 2929 564 2978 sine
588 2929 784 2991 labore,
816 2928 927 2977 sine
963 2927 1227 2977 anxietate
1262 2926 1419 2977 animi

351 3002 454 3054 fnit
476 3006 836 3068 compositum.
904 3004 1121 3057 Quintil.
1142 3018 1198 3053 x.
1222 3009 1271 3053 3.
1293 3004 1424 3053 citat

353 3078 491 3130 bunc
516 3079 683 3128 Persii
708 3081 892 3128 locum.

422 3155 529 3204 Nec
548 3157 780 3225 demorsos
800 3155 928 3219 sepit
950 3154 1149 3217 ungues]
1191 3155 1309 3204 Prae
1334 3170 1421 3204 an·-

354 3228 555 3279 xietate
571 3231 724 3278 animi
742 3230 794 3278 in
820 3228 1076 3294 profunda
1090 3228 1422 3279 meditatione

357 3304 534 3369 defixi,
558 3307 837 3371 diligenter
858 3313 911 3355 et
935 3313 1174 3356 accurate
1192 3306 1422 3355 scribere

358 3383 581 3433 volentis
602 3399 617 3443 ;
668 3398 768 3431 non
794 3383 1059 3446 probantis
1080 3384 1284 3432 omnino
1310 3398 1422 3447 qum

359 3458 591 3522 scripsit,
611 3473 669 3507 ac
689 3459 902 3507 meliora
926 3458 1222 3523 quaerentis.
1269 3457 1423 3510 Quod

358 3533 484 3584 boni
525 3534 706 3584 Poetae
745 3537 931 3584 solent.
1015 3534 1204 3583 Horat.
1242 3535 1349 3584 Sat.
1382 3548 1422 3585 1.

359 3607 445 3659 10.
478 3612 495 3637 ‘
520 3611 589 3659 Et
623 3611 675 3659 in
715 3625 865 3661 versu
905 3609 1142 3659 faciendo
1165 3611 1317 3673 Saepe
1342 3626 1424 3660 ra-

361 3693 460 3751 put
496 3686 752 3750 scaberet,
794 3688 935 3736 vivos
975 3693 1030 3737 et
1069 3687 1280 3737 roderet
1335 3702 1425 3736 un-

362 3761 527 3825 guen!

431 3840 525 3884 107
560 3835 657 3884 Sed
698 3836 811 3898 quid
845 3851 974 3899 opus,
1002 3835 1113 3898 esa]
1177 3835 1427 3885 Rationes

361 3928 481 3964 suas
521 3913 686 3961 elusas
721 3928 753 3961 a
791 3912 973 3962 Persio
1012 3912 1427 3961 animadvertens

364 3988 594 4037 monitor
619 3987 830 4036 adhibet
864 3987 1046 4049 minas,
1081 3993 1140 4035 ut
1170 4001 1200 4036 a
1224 3986 1432 4036 satirica

365 4062 645 4113 dicacitate
670 4078 786 4112 eum
808 4064 1092 4114 deterreat.

1488 1790 1837 1854 impatientes.

1553 1866 1775 1916 Mor-duci
1795 1866 1925 1930 vero]
1985 1863 2107 1914 Tuis
2128 1860 2311 1913 Satiris
2338 1862 2551 1912 nimium

1488 1940 1780 2003 veracibus,
1798 1940 1981 2005 quibus
2005 1940 2116 1989 sine
2133 1938 2238 1987 ulla
2254 1938 2550 2003 cujusquam

1488 2017 1779 2068 reverentia
1797 2032 1913 2067 suos
1935 2016 2121 2081 cuique
2162 2015 2318 2064 etiam
2354 2015 2554 2065 nolenti

1489 2106 1691 2143 errores
1710 2091 1935 2142 ostendis
1958 2098 2016 2142 et
2043 2088 2327 2155 exprobras
2349 2088 2555 2154 acriter,

1489 2170 1643 2231 salse,
1666 2168 1911 2234 satyrice.

1555 2244 1766 2307 Radere]
1830 2244 2066 2307 Metapb.
2091 2257 2123 2292 a
2145 2241 2431 2306 Chirurgis,
2465 2241 2554 2306 qui

1489 2322 1707 2371 vulnera
1729 2320 1940 2384 putrida
1956 2319 2126 2369 cultro
2145 2318 2336 2368 radunt
2358 2333 2418 2369 ac
2439 2331 2557 2382 pur·

1491 2403 1637 2462 gant,
1656 2402 1729 2458 et,
1751 2396 1793 2444 si
1816 2410 1965 2460 opus,
1987 2402 2186 2444 secant.

1561 2477 1656 2522 109
1701 2472 1894 2521 Linoina
1914 2471 2209 2533 frigescant]
2274 2471 2424 2520 Time
2465 2485 2556 2534 po·

1494 2548 1746 2597 tentiores
1768 2548 1843 2596 ita
1866 2545 2087 2596 offensos
2125 2546 2339 2609 babere,
2375 2553 2433 2594 ut
2467 2544 2558 2595 fri·

1495 2623 1617 2687 gide
1655 2629 1710 2672 te
1749 2623 2032 2687 excipiant,
2053 2621 2119 2671 ab
2142 2622 2367 2672 amicitia
2388 2622 2558 2670 exclu-

1496 2699 1656 2761 dant;
1708 2699 1791 2749 vel
1835 2700 1991 2748 etiam
2045 2706 2265 2747 mortem
2320 2696 2561 2762 inserant,

1496 2791 1612 2841 quae
1637 2773 1853 2840 frigidos
1874 2774 2020 2824 facit.
2088 2776 2275 2824 Horat.
2297 2776 2405 2823 Sat.
2421 2787 2485 2824 11.
2510 2778 2559 2824 1.

1498 2853 1513 2879 ‘
1540 2851 1589 2901 0
1615 2866 1762 2915 puer,
1797 2859 1862 2901 ut·
1877 2852 1944 2900 sis
1978 2852 2163 2902 Vitalis
2185 2858 2379 2914 metuo,
2402 2850 2561 2914 majo-

1496 2941 1608 2976 rum
1632 2942 1697 2976 ne
1723 2927 1833 2992 quis
1851 2927 2044 2977 amicus
2063 2928 2272 2990 Frigore
2297 2934 2349 2978 te
2373 2926 2564 2978 feriat?

1566 3000 1713 3051 Sonat
1735 3000 1836 3064 hic]
1890 3002 1954 3051 In
1993 3003 2095 3051 tuis
2130 3002 2311 3051 Satiris
2352 3003 2562 3053 nimium

1502 3084 1580 3126 est
1605 3078 1903 3126 acerbitatis
1924 3094 1937 3126 ε
1989 3080 2074 3128 vel
2095 3078 2149 3127 in
2167 3078 2318 3128 domo
2340 3079 2564 3130 Neronis

1502 3166 1564 3201 ac
1589 3152 1833 3202 nobilium
1855 3153 1932 3203 ira
1955 3162 2010 3204 et
2047 3155 2176 3205 ultio
2199 3154 2441 3221 frequens
2465 3163 2563 3207 est.

1502 3229 1638 3279 Haec
1659 3230 1902 3280 monitor.

1504 3337 1514 3344 -
1568 3306 1647 3355 De
1668 3321 1782 3356 nure
1802 3307 1970 3356 canina
1994 3306 2161 3369 utera]
2186 3309 2365 3358 Litera
2381 3309 2567 3359 canina

1504 3391 1586 3433 est
1610 3385 1673 3433 R.
1698 3384 1827 3432 hanc
1865 3385 2001 3434 enim
2038 3400 2191 3434 canes
2213 3385 2454 3434 videntur
2477 3401 2566 3435 ex·

1505 3460 1747 3523 primere,
1769 3460 1892 3509 dum
1932 3461 2185 3511 restrictis
2221 3460 2367 3508 labiis
2399 3459 2570 3510 irrita-

1503 3544 1587 3587 tos
1610 3552 1665 3586 se
1684 3537 1989 3601 significant,
2004 3545 2158 3602 atque
2181 3535 2415 3585 hirriunt.

1572 3615 1664 3660 110
1714 3613 1814 3661 Per
1852 3628 1926 3661 me
1964 3610 2193 3674 equidem]
2263 3610 2571 3674 Respondet

1505 3687 1713 3736 Persius
1752 3701 1845 3749 per
1880 3685 2262 3736 concessionem
2299 3683 2571 3748 ironicam,

1504 3764 1548 3813 si
1583 3762 1789 3828 quidem
1828 3762 1904 3811 ita
1939 3764 2034 3824 vis,
2082 3762 2365 3826 probentur
2401 3763 2573 3813 omnia

1507 3842 1651 3888 velut
1686 3838 1955 3902 concinna,
1991 3837 2148 3887 etiam
2195 3852 2311 3902 quae
2364 3838 2571 3888 minime

1508 3921 1644 3966 sunt.

1575 3990 1722 4052 Alba]
1787 3990 1932 4040 Sicut
1961 3989 2161 4054 nigrum
2202 4005 2294 4054 pro
2328 3979 2575 4053 maioma

1510 4081 1606 4130 pro
1628 4066 1764 4118 bono
1801 4067 1977 4117 album
2017 4066 2243 4130 ponitur.
2309 4065 2575 4130 Pythago·

436 4139 638 4188 Teucras
657 4139 914 4202 enricum]
948 4138 1114 4189 Aures
1136 4139 1357 4189 Neronis
1378 4145 1435 4189 et
1513 4157 1596 4192 ras
1620 4143 1758 4206 apud
1780 4143 2073 4193 Laiirtium:
2113 4142 2171 4190 τὸ
2191 4141 2279 4204 μὲν
2298 4140 2469 4192 λευκὸν
2487 4143 2575 4204 τῆς

362 4213 615 4269 nobilium
647 4215 990 4270 Romanorum
1024 4215 1436 4281 reprehensionis
1513 4216 1696 4280 ἀγαθοῦ
1715 4215 1990 4284 φύσεωςῑτὸ
2010 4216 2060 4268 δὲ
2080 4215 2234 4280 μέλαν
2249 4217 2410 4268 κακοῦ.
