3050 4913
556 362 732 432 1262
1268 371 1656 422 nnansus
1702 370 2037 423 comeum

618 572 854 633 xvm.
897 568 1255 629 comens
1298 568 1530 628 NuNc
1579 566 1915 627 nmmum
1960 564 2063 623 ET
2107 528 2463 623 ³1'AN'1'UM
2507 562 2691 623 NoN

1099 681 1390 740 OMNES
1436 688 1485 738 A
1536 681 1780 738 Noms
1833 677 2207 737 comm.

642 821 736 872 10.
782 809 1248 880 Schwarzianus,
1280 828 1432 867 nunc
1464 804 1821 886 Ahwfinm,

555 909 657 990 qui
685 909 816 969 oiim
849 908 1037 967 suerat
1067 906 1206 966 Chr.
1238 905 1431 971 GottI.
1461 904 1811 974 Schwarzio,
1840 901 2219 961 celeberrimo
2239 901 2539 981 quondam
2567 900 2668 977 (ab
2704 919 2772 961 a.

561 1014 737 1076 1709.
763 1004 840 1064 ad
878 1007 1076 1077 1751.)
1122 1003 1279 1063 Prof.
1328 1001 1635 1072 Altorfino,
1696 1008 1757 1058 et
1811 1018 1969 1056 nunc
2017 998 2252 1058 Altorfii
2302 999 2358 1058 in
2404 998 2770 1058 bibliotheca

554 1101 887 1163 academica
935 1110 1218 1160 servatur.
1305 1098 1646 1158 Lectionum
1695 1095 1827 1172 ejus
1883 1094 2202 1171 specimina
2257 1094 2422 1153 dedit
2465 1095 2589 1153 Uir.
2614 1094 2769 1154 Seb.

550 1200 803 1259 Beckius
832 1198 888 1256 in
925 1199 1092 1276 Obss.
1111 1193 1324 1275 philol.
1355 1196 1421 1253 in
1453 1194 1707 1272 Satyra-r
1721 1190 2032 1251 Juvenalis
2046 1189 2194 1249 duos
2211 1193 2466 1269 priores,
2496 1188 2771 1267 (Altorfii

558 1305 732 1366 1732.
762 1299 848 1368 4.)
877 1296 977 1353 ubi
1009 1314 1142 1372 pag.
1174 1304 1231 1354 3.
1263 1303 1480 1364 monet,
1512 1291 1777 1351 codicem
1822 1306 1946 1346 esse
1988 1298 2214 1364 quartae
2244 1286 2447 1347 formae
2477 1288 2769 1347 membra-

549 1413 797 1453 naceum
827 1393 980 1451 haud
1014 1393 1181 1450 malae
1208 1400 1384 1462 notae,
1430 1390 1532 1469 qui
1578 1408 1714 1449 cum
1757 1382 2317 1445 Schurzfleischiano
2359 1382 2597 1443 mirifice
2624 1403 2771 1443 con-

551 1489 784 1562 sentiat,
814 1498 873 1548 et
902 1489 998 1548 cui
1030 1489 1251 1547 scholia
1281 1487 1556 1565 quaedam
1608 1496 1730 1545 tum
1776 1485 1832 1542 in
1881 1481 2064 1552 calce,
2096 1491 2220 1540 tum
2249 1480 2490 1560 sparsim
2523 1482 2578 1539 in
2606 1500 2768 1539 mar-

547 1587 676 1666 gine
704 1587 911 1646 Satirae
942 1602 989 1644 1.
1012 1586 1170 1645 allita
1197 1586 1324 1643 siut.
1398 1584 1665 1643 Eundem
1695 1582 1913 1661 optime
1958 1580 2236 1659 seriptum
2265 1588 2325 1637 et
2352 1586 2766 1638 conservatum

546 1702 694 1754 esse,
740 1683 914 1743 docet
961 1692 1171 1742 auctor
1200 1681 1331 1739 Vol.
1363 1698 1441 1741 11.
1474 1680 1753 1739 Biblioth.
1782 1682 2078 1741 Schwarz.
2121 1676 2337 1737 Altorf.
2386 1672 2559 1745 1769.
2588 1683 2647 1732 et
2673 1673 2761 1734 ad

549 1780 842 1840 Saeculum
886 1796 1051 1839 xul.
1102 1779 1281 1837 refert
1321 1800 1453 1838 enm
1498 1781 1774 1838 Mannert
1825 1779 1882 1837 in
1929 1774 2340 1843 Miscellaneis,
2383 1770 2764 1850 diplomatici

548 1877 913 1955 potissimum
960 1873 1310 1953 argumenti,
1341 1876 1623 1933 German.
1674 1875 1905 1953 scriptis
1951 1873 2236 1950 editisque
2274 1868 2546 1930 Norimb.
2581 1876 2766 1940 1795.

552 1973 794 2033 Satiram
827 1989 954 2031 vu.
984 1993 1056 2030 ex
1103 1971 1204 2029 illo
1256 1970 1598 2029 venerabilis
1642 1970 1961 2031 academiae
2008 1967 2228 2028 Aitors.
2267 1965 2472 2026 Senior
2515 1966 2650 2024 will
2697 1966 2768 2024 in

550 2088 719 2128 usum
748 2069 1039 2146 praelectt.
1071 2086 1305 2126 suarum
1337 2068 1488 2145 typis
1514 2067 1951 2145 exprimendam
1982 2064 2206 2127 curavit
2232 2085 2283 2124 a.
2323 2062 2493 2131 1760.
2534 2062 2763 2121 Totum

540 2183 685 2223 vero
711 2163 978 2224 codicem
1010 2183 1119 2222 una
1150 2183 1287 2221 cum
1318 2163 1579 2241 quinque
1603 2162 1772 2222 editt.
1804 2172 1951 2222 anit.
1982 2165 2156 2239 (Ven.
2189 2169 2365 2231 1491.
2396 2165 2566 2219 1512.
2593 2159 2763 2219 Brix.

552 2267 727 2321 1501.
759 2260 918 2337 Lips.
955 2266 1127 2317 1504.
1169 2267 1229 2317 et
1272 2262 1515 2335 Argent.
1566 2262 1768 2333 1527.)
1792 2279 1826 2319 a
1856 2258 2147 2337 principio
2175 2256 2253 2315 ad
2284 2254 2460 2314 finem
2489 2256 2765 2333 exemplo

545 2355 813 2415 editionis
857 2356 1191 2433 Bipontinae
1232 2357 1596 2432 comparavit
1641 2356 1731 2417 el.
1762 2355 2113 2434 Nothnagel
2144 2353 2647 2431 Norirnbergensis
2678 2355 2764 2410 A.

543 2454 610 2512 L.
643 2454 730 2512 M.
761 2452 885 2531 qui,
918 2463 979 2511 ut
1012 2453 1231 2512 honore
1272 2452 1617 2512 academico
1670 2462 1993 2523 ornaretur,
2027 2447 2261 2510 Altorfii
2304 2449 2366 2507 d.
2397 2467 2579 2509 xxu.
2609 2449 2759 2510 Jnn.

542 2568 595 2608 a.
634 2556 808 2617 1797.
839 2549 1071 2627 publice
1102 2548 1445 2607 desensslerat
1473 2567 1595 2608 xx,
1623 2550 1850 2608 Theses
1895 2549 1970 2607 ad
2022 2547 2224 2625 po‘eSin
2270 2545 2556 2604 satiricum
2587 2565 2764 2623 spec·

545 2656 752 2718 tauteS,
781 2646 1263 2724 promiseratque,
1293 2667 1355 2704 se
1384 2646 1723 2723 propediem
1753 2647 2095 2706 emissurum
2122 2664 2244 2703 esse
2275 2642 2581 2701 Dissertat.
2616 2663 2761 2721 quae

544 2742 879 2802 varietatem
909 2742 1225 2800 lectionum
1249 2762 1320 2799 ex
1349 2741 1508 2800 libris
1539 2742 1645 2800 inis
1676 2752 2006 2818 excerptam
2032 2739 2396 2808 contineret;
2443 2737 2544 2796 sed
2575 2739 2766 2815 paulo

544 2848 703 2916 post,
734 2859 867 2897 cum
899 2860 930 2896 a
962 2837 1086 2896 Cei.
1122 2838 1350 2916 Koenig
1392 2849 1452 2897 et
1501 2839 1793 2897 Mannerl
1845 2836 2019 2896 Proff.
2051 2831 2303 2904 Alto‘rff„
2334 2854 2485 2911 quos
2515 2853 2764 2913 rogave-

543 2952 689 3004 ram,
742 2943 809 2992 ut
850 2933 990 2991 mihi
1034 2933 1411 3011 impetrarent
1444 2955 1606 2992 usum
1640 2935 1912 2995 codicum
1945 2933 2314 3009 Norimberg.
2347 2941 2404 2989 et
2434 2930 2760 2992 Altorfino-

544 3049 693 3100 rum,
726 3032 1121 3107 comperisset,
1163 3051 1197 3090 a
1243 3052 1334 3089 me
1376 3031 1691 3091 editionem
1723 3034 1755 3092 J
1767 3030 2021 3090 uvenaiis
2053 3029 2260 3107 parari,
2291 3026 2357 3085 iis
2385 3027 2759 3105 potissimum

545 3127 884 3185 auctoribus
915 3126 1028 3185 hoc
1061 3127 1367 3185 consilium
1388 3128 1629 3205 abjecit,
1657 3128 1938 3204 illumque
1969 3145 2089 3184 var.
2120 3125 2433 3183 lectionum
2458 3144 2764 3186 recensum

542 3222 684 3280 mihi
718 3221 865 3281 ultro
893 3224 1143 3281 obtulit:
1189 3244 1321 3301 quse
1366 3244 1642 3300 generosa
1670 3225 1938 3282 Virorum
1987 3221 2536 3282 humanissimorum
2580 3222 2762 3280 bene-

541 3319 789 3392 voientia
813 3340 1108 3397 nunquam
1139 3340 1208 3379 ex
1237 3320 1429 3379 animo
1459 3341 1591 3381 meo
1620 3320 1835 3380 effluet.

629 3429 719 3478 11.
753 3418 1363 3497 Schurffleischiartm,
1398 3441 1445 3479 S.
1482 3421 1866 3479 Vinariensis.

541 3515 681 3576 Vid.
712 3534 845 3593 quae
875 3534 1051 3592 supra
1093 3516 1149 3572 in
1182 3514 1297 3573 fine
1329 3517 1626 3575 Recensus
1658 3517 1837 3574 Editt.
1868 3516 1903 3577 J
1911 3534 2082 3574 uven.
2112 3513 2187 3573 de
2216 3514 2303 3586 iis,
2335 3512 2437 3592 qui
2470 3512 2755 3571 Observa·

542 3614 728 3672 tiones
755 3613 816 3671 in
845 3610 1056 3671 Juven.
1090 3612 1392 3688 scripsere,
1422 3623 1480 3671 et
1511 3612 1586 3673 de
1620 3612 1796 3672 Conr.
1823 3611 1978 3672 Sam.
2012 3610 2486 3690 Schurzstee'schii
2516 3608 2769 3688 Spicile-

536 3711 643 3787 gio
674 3707 1109 3766 Animadverss.
1140 3706 1461 3778 diximum„

629 3812 719 3861 12.
770 3804 1185 3883 Erlangemr's.

542 3898 849 3958 Lectiones
883 3903 1056 3974 hujus
1085 3901 1302 3960 codicis
1332 3900 1731 3979 excerpendae
1765 3900 2166 3976 benignissime
2194 3898 2416 3958 curavit
2453 3898 2544 3959 111.
2593 3898 2763 3958 Ilar-

543 3991 735 4054 Iesius.
809 3998 895 4053 De
926 4011 1159 4055 externa
1199 3998 1324 4073 ejus
1370 3999 1555 4056 forma
1608 4017 1722 4056 non
1772 3998 1986 4057 certior
2030 3999 2218 4057 factus
2264 4016 2410 4055 sum.
2493 3996 2672 4066 Quod
2707 3996 2762 4055 si

542 4104 734 4153 tamen
776 4093 967 4149 omnis
999 4092 1149 4150 illius
1172 4094 1424 4164 yarietas
1471 4093 1778 4172 diligenter
1820 4103 2020 4153 notata
2065 4105 2172 4166 est,
2223 4094 2452 4154 videtur
2491 4115 2562 4153 ex
2594 4093 2763 4154 bono

539 4188 811 4269 exempio
840 4190 1226 4267 transcriptus
1255 4210 1403 4249 esse.
