3050 4913
502 305 591 371 80

502 462 837 545 Raderet3
883 468 1188 548 angustae
1219 462 1398 528 collo
1428 482 1560 528 non
1584 462 1803 529 fallier
1832 484 2054 545 orcae3

1276 320 1349 368 A.
1398 316 1647 367 Pssnsn
1700 318 1966 368 maeel

502 566 654 632 Neu
688 567 839 651 quis
865 567 1168 632 callidior
1194 567 1451 631 buxum
1482 571 1789 649 torquere
1818 567 2108 649 flage110.

586 669 794 734 Haud
821 670 944 734 tibi
972 669 1391 752 inexpertum
1423 689 1664 733 curvos
1693 669 2089 753 deprendere
2117 687 2360 747 mores,

488 771 815 856 ‘Quaeque
847 772 1041 836 docet
1067 771 1333 855 sapiens
1358 771 1696 835 brachatis
1726 771 1892 834 illita
1923 770 2148 834 Medis

497 954 593 989 noa
629 938 782 1001 decipi
804 937 1032 997 faucibus
1049 944 1198 987 arcte
1218 953 1369 987 υκαι
1412 952 1528 987 aeve
1559 936 1732 1001 aliqui·
1763 938 1967 1001 peritior
2004 944 2143 989 esset
2176 939 2728 1001 &remgerus-odem

501 1005 700 1053 seutiam

771 1002 877 1051 wi
902 1017 1023 1052 vero
1046 1019 1138 1052 uon
1160 1003 1454 1066 incognitam
1476 1008 1560 1051 est
1581 1002 1844 1052 discernere
1865 1018 2018 1052 mores

2228 1018 2315 1063 os:
2347 1005 2727 1079 etsciseaqaae

498 1070 633 1119 docet
666 1068 904 1117 eruditam
936 1068 1255 1118 ambulamu-
1286 1068 1445 1119 Medis
1481 1066 1673 1116 braccas
1704 1067 1980 1117 habentibus
2015 1069 2329 1131 insignitam,-
2377 1074 2424 1118 et
2459 1084 2522 1118 ea
2557 1069 2727 1131 qubus

1429 1196 1700 1216 ”coenet
1708 1196 1793 1216 000

504 1278 817 1338 ‘unxerunt3
850 1292 955 1390 3υο
988 1277 1115 1328 nihil
1154 1285 1237 1329 est
1274 1278 1590 1346 ἂτοπότφον.

921 1343 1196 1407 sequentia
1234 1359 1332 1393 vox
1367 1346 1593 1397 insomnis
1613 1348 1905 1409 pertineat:
1953 1345 2111 1408 idque
2132 1345 2334 1394 melius.
2393 1343 2725 1394 Combe-.—

538 1356 697 1402 ranae,
723 1350 783 1391 ut
820 1356 849 1391 a

1676 1281 2063 1332 Cambone—5³
2098 1280 2184 1330 Ita
2221 1280 2546 1343 distinguunt
2565 1293 2724 1329 mem·

500 1411 563 1457 5³
596 1406 843 1456 iadetmua
868 1406 1008 1458 Edit.
1031 1407 1213 1472 Steph.
1234 1414 1281 1458 et
1303 1412 1381 1459 det
1403 1415 1538 1461 tonsa
1561 1412 1661 1462 Ms.
1687 1413 1883 1464 R.--5ss
1915 1406 2110 1460 diduxit
2145 1409 2497 1473 scribendum,
2521 1423 2622 1458 non
2642 1411 2725 1458 de·

1501 1555 1551 1605 N
1558 1550 1713 1605 0⁹1·AE

502 1664 727 1715 tendunt
768 1665 906 1714 enim
946 1667 1105 1732 aliqui
1144 1681 1412 1718 numerum
1457 1683 1574 1719 esse

478 1743 906 1807 ·qnaternarium,
975 1744 1062 1793 alii
1116 1760 1240 1795 vero
1297 1745 1571 1796 senarium.

504 1815 685 1880 Porro,
707 1818 870 1884 (quod
893 1820 1049 1869 etiam
1081 1827 1319 1870 constare
1344 1821 1574 1886 videtur)

501 1896 554 1945 iu
594 1896 770 1947 Venere
811 1896 957 1945 Canis
997 1896 1266 1961 proderat,
1305 1898 1404 1948 etsi
1445 1900 1570 1948 alias

503 1968 804 2021 damnosus:
831 1972 967 2021 sicut
986 1981 1042 2022 et
1061 1973 1206 2023 Senio
1227 1975 1420 2039 alioqui
1437 1974 1574 2024 faus·

502 2057 588 2100 tus
643 2064 1007 2115 nonnunquam
1040 2050 1222 2101 infelix
1268 2059 1397 2115 erat,
1431 2052 1571 2118 quod

500 2125 724 2190 probant
746 2140 810 2175 ex
831 2126 949 2175 loco
978 2126 1214 2176 Suetonii
1237 2128 1289 2177 in
1312 2128 1569 2192 Angusto,

502 2217 552 2252 c.
576 2205 655 2252 71.
690 2203 706 2230 ‘
730 2200 874 2251 Talis
900 2203 1116 2266 jactatis
1152 2212 1211 2253 ut
1234 2206 1450 2269 quisque
1472 2206 1568 2256 Ca-

499 2294 618 2330 nem
642 2285 734 2329 aut
754 2280 1028 2330 Senionern
1062 2281 1294 2345 miserat,
1319 2283 1372 2331 in
1395 2284 1568 2348 singn-

496 2357 574 2405 los
595 2356 727 2406 talos
749 2355 976 2421 singulos
999 2356 1235 2408 denarios
1258 2357 1566 2410 conferebat

495 2431 551 2482 iu
594 2432 837 2494 medium,
860 2448 989 2499 quos
1022 2434 1243 2486 tollebat
1279 2436 1565 2499 universos,

499 2509 587 2575 qui
625 2509 884 2560 Venerem
916 2511 1158 2574 jecerat?
1223 2512 1329 2562 Sed
1363 2519 1416 2561 et
1452 2528 1566 2563 cor-

497 2592 708 2649 ruptum
731 2586 897 2634 locum
919 2587 1055 2636 hunc
1076 2601 1333 2638 nonnemo
1354 2597 1569 2639 conten-

499 2661 580 2711 dit
634 2678 701 2712 ex
744 2662 1105 2712 vetustissimis
1166 2663 1570 2727 exemplaribus,

496 2737 903 2802 legendumque:
961 2739 1029 2787 Ut
1055 2738 1245 2802 quisque
1269 2739 1448 2788 Canem
1483 2741 1572 2789 ni·

493 2820 621 2864 serat
644 2814 695 2862 ia
717 2814 926 2875 singulos
962 2816 1099 2876 talos,
1128 2815 1336 2877 sing-ulos
1356 2817 1572 2866 denaria

495 2890 763 2952 afferebat
785 2892 835 2939 in
858 2891 1078 2954 mediam,
1100 2907 1213 2954 quos
1243 2891 1436 2942 tollebat
1464 2893 1572 2941 uni-

495 2981 654 3015 uersos
688 2966 770 3030 qui
812 2967 1033 3016 Venerem
1058 2967 1248 3028 ,ἔα-σαί
1282 2972 1366 3016 aut
1405 2967 1570 3017 Senio·

497 3058 619 3093 nem.
685 3043 837 3094 Unde
877 3045 1273 3095 concluderetur
1316 3044 1567 3094 Senium

499 3134 703 3183 semper
726 3119 830 3170 dici
853 3128 909 3170 et
934 3118 1088 3170 fuisse
1111 3121 1314 3184 jactum
1336 3120 1564 3181 felicem,

493 3204 567 3259 et,
617 3202 676 3246 ut
721 3197 795 3247 ait
834 3198 1068 3260 Persius,
1104 3199 1341 3247 dextruunt.
1408 3198 1565 3249 Quod

495 3274 656 3323 etiam
678 3273 744 3323 de
770 3275 899 3323 Cane
932 3274 1080 3323 addit
1102 3274 1333 3334 Persius,
1352 3275 1565 3335 raderet,

495 3351 645 3400 aiunt
669 3349 824 3400 fuisse
849 3349 1108 3415 quoddam
1132 3351 1259 3399 alcae
1294 3363 1475 3412 genus,
1512 3349 1565 3398 in

494 3442 600 3491 quo
647 3425 794 3476 Canis
835 3427 1063 3491 quinque
1109 3431 1303 3490 puncta
1343 3426 1410 3474 de
1451 3425 1566 3474 aliis

492 3501 720 3552 numeris
744 3501 1072 3552 detrahebat.
1137 3501 1273 3551 Vide
1303 3499 1564 3551 Alexand.

491 3578 559 3628 ab
605 3579 755 3628 Alex.
798 3592 884 3628 ιιι.
926 3584 1008 3628 21.
1061 3579 1191 3629 Coel.
1220 3578 1441 3642 Rhodig.
1466 3591 1562 3628 xx.

491 3660 576 3706 27.
633 3654 852 3705 Adrian.
892 3655 1122 3705 Turneb.
1161 3653 1385 3704 Advers.
1430 3669 1480 3703 v.
1516 3659 1566 3705 6.

494 3744 685 3782 xxvn.
723 3734 772 3781 8.
808 3735 907 3782 dte.
974 3732 1107 3781 Item
1139 3743 1267 3795 quae·
1292 3730 1408 3780 Lib.
1441 3731 1567 3780 Fro-

492 3806 711 3856 mondus
725 3809 926 3857 curiose
945 3808 1143 3871 pariter
1160 3814 1217 3857 et
1235 3806 1389 3857 docte
1403 3809 1567 3871 scrip·

490 3882 581 3945 sit,
595 3882 883 3931 Commeut.
905 3883 955 3931 in
971 3882 1183 3932 Senecae
1206 3882 1569 3945 Apocolocyn·

496 3957 635 4008 tosin
659 3958 863 4007 Claudii
887 3959 1127 4022 Caesaris,
1147 3974 1200 4007 n.
1226 3963 1338 4008 lu.

558 4038 625 4082 5⁰
671 4033 904 4095 Angusta
943 4036 1062 4083 collo
1094 4050 1187 4083 noa
1212 4033 1383 4094 fallier
1419 4033 1565 4096 orca]

496 4108 659 4159 Aliud
683 4108 893 4157 lusionis
930 4110 1142 4172 puerilis
1163 4125 1359 4173 genus3
1406 4127 1568 4177 quan·

498 4202 651 4254 quam
686 4185 841 4252 aliqui
873 4186 938 4235 de
973 4185 1157 4237 eodem
1177 4187 1419 4239 Telorum
1442 4189 1565 4239 ludo

1654 1670 1967 1741 intelligant,
1987 1685 2049 1721 eo
2072 1670 2210 1735 quod
2234 1685 2264 1720 e
2287 1668 2473 1720 fritillo
2494 1670 2589 1719 tali
2609 1669 2728 1719 mit-

1655 1747 1916 1798 tebantur.
1985 1748 2166 1797 Malim
2193 1754 2362 1797 tamen
2386 1745 2723 1808 interpretari

1653 1824 1720 1874 de
1745 1821 1976 1873 Nucibus
2016 1838 2132 1887 quae
2153 1822 2204 1871 in
2228 1837 2316 1871 vas
2349 1819 2609 1886 quoddam
2632 1834 2723 1869 an-

1654 1899 1792 1964 gusti
1816 1898 1937 1949 colli
1966 1898 2020 1947 in
2052 1904 2193 1947 terra
2216 1896 2443 1947 defixum
2479 1896 2724 1959 conjicie-

1654 1976 1855 2025 bantnr.
1925 1973 2080 2024 ovid.
2108 1975 2173 2024 de
2208 1976 2390 2025 Nuce:
2428 1978 2442 2001 ⁸
2466 1973 2575 2020 Vas
2598 1987 2724 2036 quo·

1650 2062 1752 2117 que
1787 2066 1930 2116 sepe
1966 2064 2148 2101 cavum
2184 2051 2357 2115 spatio
2394 2048 2624 2098 distante
2648 2048 2722 2095 lo·

1649 2136 1814 2192 catur,
1835 2129 1898 2178 Iu
1933 2127 2070 2193 qnod
2102 2127 2261 2176 missa
2294 2125 2399 2175 levi
2431 2139 2538 2173 nux
2576 2122 2722 2173 cadit

1649 2220 1752 2255 una
1784 2205 1972 2255 manu!
2063 2203 2244 2255 Nostri
2283 2201 2532 2264 temporis
2570 2199 2721 2263 pueri

1648 2282 1702 2331 in
1725 2281 1958 2331 scrobem
1983 2296 2140 2331 nuces
2162 2279 2463 2343 conjiciunt.
2533 2273 2723 2327 Sensus

1651 2357 1823 2406 Persii
1848 2363 1962 2407 est:
2011 2354 2283 2405 studebam
2319 2354 2396 2403 ita
2426 2366 2586 2403 nuces
2607 2352 2722 2415 inji-

1652 2446 1774 2483 cere
1796 2434 1849 2482 in
1872 2446 2063 2495 orcam,
2099 2438 2155 2481 ut
2195 2444 2298 2480 nou
2336 2428 2630 2479 aberrarem
2654 2426 2721 2478 ab

1651 2515 1797 2557 arcto
1815 2509 1942 2558 licet
1962 2507 2111 2557 ostio.
2177 2505 2312 2554 Vide
2331 2506 2620 2556 Erasmum.

1714 2582 1882 2647 Orcae]
1948 2584 2055 2632 Vas
2097 2583 2152 2632 in
2191 2581 2399 2631 modum
2432 2580 2718 2642 turricula,

1651 2659 1788 2725 quod
1811 2665 1866 2709 et
1889 2673 2085 2723 pyrgus
2108 2657 2316 2707 dicitnr.
2383 2657 2574 2706 Horat.
2606 2656 2716 2705 Sat.

1651 2749 1715 2784 ιι.
1738 2739 1788 2785 7.
1824 2737 1839 2763 ⁸
1865 2735 2108 2784 Mitteret
2132 2734 2184 2783 in
2207 2748 2428 2798 pyrgum
2454 2731 2622 2783 talos!

1713 2817 1773 2862 61
1813 2813 2032 2876 Busa-s]
2064 2814 2322 2862 Trochum
2345 2828 2376 2861 e
2401 2812 2558 2862 buxo.
2589 2811 2718 2860 Ter·

1649 2889 1754 2939 tius
1771 2896 1852 2938 est
1875 2904 2149 2953 puerorum
2170 2888 2339 2952 ludus,
2360 2903 2511 2953 quem
2532 2888 2720 2938 descri-

1647 2965 1730 3016 bit
1753 2965 1933 3030 virgil.
1957 2965 2162 3015 AEneid.
2186 2979 2285 3016 vu.
2319 2972 2376 3014 et
2410 2970 2566 3013 vocat
2595 2966 2611 2992 ‘
2635 2978 2718 3013 vo·

1647 3042 1806 3092 lubile
1831 3041 2054 3092 buxum?

1709 3124 1775 3168 ⁶2
1810 3119 1959 3168 Haud
1995 3118 2087 3167 tibi
2122 3119 2443 3182 iasa-pertusa,
2480 3116 2588 3179 ξω]
2634 3115 2714 3165 Tu

1645 3210 1772 3245 vero
1793 3196 2018 3245 imbutus
2043 3210 2100 3244 es
2137 3193 2416 3258 preceptis
2437 3191 2716 3242 moralibus

1647 3278 1703 3321 et
1725 3271 1995 3335 sapientia
2012 3270 2224 3334 regulis.

1711 3350 1775 3396 ⁶8
1825 3346 2105 3409 Broc-hatis]
2170 3345 2278 3394 Per
2315 3343 2534 3394 braccas
2572 3348 2715 3392 certo

1649 3424 1974 3488 peregrinam
2011 3431 2208 3474 vestem
2246 3423 2421 3487 potins
2444 3430 2501 3471 et
2536 3421 2715 3472 barba-

1649 3513 1758 3548 ram
1777 3500 1987 3549 Persius
2005 3500 2215 3549 videtur
2234 3499 2455 3548 voluisse
2471 3498 2716 3559 indicare,

1647 3590 1798 3640 qnam
1822 3577 2090 3640 proprium
2128 3576 2303 3624 Persis
2342 3589 2403 3624 ac
2441 3574 2613 3623 Medis
2641 3573 2717 3626 in·

1647 3651 1966 3702 dumeutum.
2033 3653 2149 3702 Nec
2186 3658 2268 3701 est
2302 3651 2438 3716 quod
2476 3651 2551 3700 ita
2586 3665 2714 3715 pug-

1647 3735 1774 3777 nent
1796 3727 2124 3791 Interpretes
2159 3729 2296 3777 inter
2331 3741 2389 3776 se
2425 3727 2491 3777 de
2529 3743 2623 3777 usu
2658 3733 2714 3777 et

1649 3803 1944 3853 discrimine
1983 3811 2121 3868 togae
2166 3803 2394 3868 ποδήροιη
2427 3804 2566 3868 apud
2599 3806 2714 3854 Me-

1645 3883 1755 3944 dos,
1775 3890 1831 3932 et
1854 3881 2132 3946 ἀναξυρίδας.

1710 3960 1848 4009 mita
1872 3962 2035 4010 Medis
2062 3959 2293 4023 porticus]
2339 3960 2442 4009 Illa
2482 3959 2711 4022 porticus

1645 4036 1866 4088 Athenis
1885 4045 2019 4098 erat,
2034 4048 2089 4088 et
2106 4038 2228 4086 στοὰ
2250 4037 2553 4087 dicebatur:
2577 4036 2711 4086 unde

1647 4121 1704 4164 et
1733 4114 1900 4165 Stoici
1938 4115 2110 4164 vocati
2140 4122 2264 4164 sunt
2288 4114 2604 4178 Philosophi,
2626 4113 2711 4178 qui

1645 4190 1699 4240 in
1722 4205 1785 4241 ea
1806 4190 2081 4242 docebant.
2153 4191 2217 4241 In
2253 4190 2538 4256 parietibus
2571 4190 2710 4240 illias
