3050 4913
1226 378 1503 428 SA‘rutA
1553 379 1654 428 Vl.

2436 361 2568 431 185

351 520 465 585 Sit
491 520 774 604 reliqua,
805 523 910 584 ast
940 520 1043 584 illi
1068 524 1303 584 tremat
1320 526 1592 585 omento
1621 538 1805 604 popa
1831 525 2052 586 venter
2070 522 2101 585 ‘l

433 621 674 687 Vende
705 624 991 687 animam
1018 623 1243 687 lucro:
1293 642 1603 699 mercare,
1634 630 1830 705 atque
1858 629 2101 686 excute
2130 622 2338 687 solers

2467 623 2560 688 75

346 724 567 792 Omne
597 725 770 788 latus
796 725 1047 801 mundi,
1077 743 1159 788 ne
1189 725 1280 788 sit
1309 725 1723 807 praestantior
1751 725 1912 788 alter

346 824 801 911 Cappadocas
830 826 1044 908 rigida
1075 826 1357 908 pingues
1387 827 1710 908 plausisse
1739 833 2019 892 catasta.

340 1008 714 1074 true-figam,
747 1008 818 1058 illi
848 1024 957 1058 vere
985 1007 1148 1057 obesas
1177 1014 1340 1059 venter
1370 1010 1565 1074 palpitet
1603 1022 1712 1072 prae
1742 1009 2071 1073 pinguedine?
2143 1009 2380 1061 medc
2415 1001 2595 1056 eitun?

345 1086 449 1136 pro
469 1079 669 1136 quem,
692 1080 1001 1123 mercaturus
1018 1088 1202 1136 exerce,
1223 1079 1270 1123 et
1293 1075 1497 1135 diligens
1513 1075 1750 1137 perlustra
1773 1091 1930 1125 enses
1943 1075 2071 1124 erbis
2086 1079 2268 1138 pei-tes,
2281 1089 2339 1123 ne
2356 1072 2420 1122 sit
2442 1071 2568 1121 olias

337 1138 2022 1203 mmmsscvmmsindmmme.
2090 1137 2565 1203 Geninapaeeulium.

1279 1263 1367 1283 ‘O‘

1371 1263 1396 1282 O
1400 1262 1636 1283 “0000“

1182 1353 1249 1399 76
1281 1349 1444 1399 ποσὰ
1468 1349 1573 1398 Μι.
1595 1347 1721 1399 Gal.

1364 1517 1580 1570 Nom-2

345 1632 519 1687 meat3
559 1641 625 1676 ex
657 1628 893 1679 Varrone
913 1643 993 1681 xv.
1032 1630 1099 1681 de
1123 1631 1273 1695 Ling.
1298 1632 1414 1681 Lat.

348 1703 450 1753 Vel
472 1703 620 1767 cujus
644 1719 778 1765 ossa,
803 1719 970 1768 veum,
990 1707 1137 1756 nervi
1160 1708 1235 1756 sic
1258 1722 1416 1772 appa-

349 1784 485 1840 rent,
506 1786 566 1828 ut
588 1779 641 1827 in
658 1779 857 1830 detrito
876 1795 1045 1845 panno
1054 1787 1229 1833 mma.
1262 1781 1416 1832 Unde

351 1855 617 1919 eleganter
638 1856 953 1908 Prudentius
973 1866 1159 1908 contra
1190 1859 1416 1909 Manich-

348 1945 594 1981 aei-esraa·
612 1937 855 1983 tex-tem·
877 1935 1127 1999 appellat.

412 2012 480 2059 u
512 2008 605 2058 Aa
625 2011 698 2059 illi
729 2010 929 2075 mutet]
985 2009 1203 2061 Hoeredi
1241 2018 1417 2061 autem

349 2084 606 2135 distentus
626 2095 806 2136 venter
828 2093 887 2137 et
907 2087 1096 2137 obesus
1118 2086 1371 2138 subsiliat.

418 2161 643 2225 Onne-te]
680 2162 896 2227 Proprie
918 2169 1003 2213 est
1022 2164 1327 2228 panniculus
1349 2165 1418 2214 in-

351 2238 538 2288 testina
570 2239 802 2288 ambiens
827 2246 884 2289 et
904 2245 1209 2303 contegens,
1231 2246 1289 2290 ut
1309 2239 1419 2290 dixi

347 2314 461 2366 Βιι.
484 2329 548 2367 ιι.
572 2316 655 2366 bic
680 2316 893 2381 ponitur
915 2329 1013 2380 pro
1032 2316 1207 2380 adipe,
1227 2325 1285 2366 et
1307 2316 1418 2379 pin·

418 2468 575 2533 Papa]
612 2471 814 2519 Venter
848 2469 1073 2532 gulosus,
1094 2470 1258 2532 lurco,
1275 2470 1419 2534 popi-

348 2558 434 2608 no,
455 2547 540 2595 vel
575 2545 741 2596 fartus
780 2545 930 2610 popis
966 2561 1059 2596 seu
1089 2548 1327 2611 pepanis,
1362 2547 1416 2597 id

345 2629 451 2683 est,
484 2622 870 2673 delicatioribus
904 2622 1053 2672 escis.
1122 2624 1257 2672 Nam
1280 2637 1419 2687 popa

344 2704 432 2747 est
470 2698 727 2761 placenta.
802 2698 900 2747 Est
936 2700 1098 2747 etiam
1141 2698 1417 2763 aliquando

348 2774 689 2840 victimarius,
709 2773 762 2824 id
792 2781 895 2837 est,
915 2774 1218 2825 Sacerdotis
1246 2774 1419 2825 minis-

348 2855 433 2900 ter
453 2850 520 2899 ad
545 2850 844 2901 mactandas
864 2849 1120 2900 victimas.

408 2931 477 2979 7⁸
523 2928 682 2979 Vende
709 2928 920 2978 eni-en
948 2929 1101 2992 hem]
1136 2927 1418 2979 Concludit

340 3003 593 3055 Persius:
632 3019 757 3067 ergo
791 3011 911 3068 post
949 3003 1064 3054 bac
1096 3006 1267 3055 omnia
1301 3021 1417 3071 (με

344 3081 461 3134 dixi
490 3083 738 3135 adversus
774 3084 1006 3134 avaritie
1041 3084 1244 3147 sordes,
1261 3085 1309 3135 si
1340 3093 1416 3135 ta-

346 3174 466 3210 men
505 3160 674 3223 lubet,
704 3160 824 3210 huic
856 3161 972 3223 lita,
1006 3169 1067 3211 et
1101 3161 1226 3211 vite
1255 3162 1417 3212 etiam

346 3235 580 3300 periculo
622 3235 834 3286 divitias
888 3251 1133 3300 congere,
1185 3252 1284 3302 per
1334 3236 1416 3288 sas

338 3312 508 3363 etiam
528 3319 587 3362 et
606 3312 769 3363 nefas.

413 3389 659 3453 Hercei-e]
724 3387 1054 3454 Longiuquas
1107 3395 1416 3441 mercaturae

348 3480 508 3517 causa
526 3480 625 3532 per
643 3482 784 3517 mare
806 3479 904 3531 per
924 3473 1093 3516 terras
1127 3468 1420 3532 peregrina·-

348 3541 517 3593 tioecs
550 3544 782 3608 institue,
812 3549 873 3593 ut
910 3545 1105 3595 dictum
1128 3547 1240 3596 Sat.
1260 3559 1315 3595 v.
1339 3561 1415 3596 vs.

352 3621 462 3670 186.
503 3623 560 3668 et
601 3619 955 3685 sequentibus.
1020 3621 1160 3672 lbid.
1192 3636 1270 3673 vs.
1302 3626 1416 3673 lat.

345 3694 363 3722 ⁴
385 3695 552 3745 Verte
576 3695 790 3759 aliquid,
806 3694 967 3760 ῥοαί
986 3698 1086 3748 Δια.

412 3770 604 3821 &cete
620 3773 766 3822 solers
783 3786 918 3822 onae
936 3772 1064 3822 &aas
1080 3773 1269 3838 madi]
1293 3775 1419 3825 Per-

347 3860 478 3912 agra
497 3855 667 3898 totum
682 3849 884 3912 orbem,
896 3862 1076 3898 omnes
1098 3850 1238 3899 orbis
1258 3863 1417 3916 angu-

346 3923 426 3972 les
445 3930 703 3983 scrutare,
730 3931 789 3974 ut
822 3938 1020 3974 merces
1042 3939 1204 3975 novas
1226 3931 1284 3976 et
1304 3926 1417 3977 aliis

346 4001 628 4066 irrepertes
647 4014 917 4065 compares
951 4008 1008 4051 et
1036 4001 1136 4058 linc
1156 4001 1417 4064 advebas3

336 4082 407 4127 ·et
445 4078 525 4128 sic
561 4078 789 4128 ditescas
831 4077 991 4128 brevi.
1055 4076 1235 4143 80161,
1269 4079 1418 4144 quasi

347 4152 486 4203 solus
507 4153 560 4203 in
582 4160 699 4203 arte
722 4159 974 4217 prostans
996 4158 1053 4203 et
1075 4153 1312 4205 callidas.

414 4232 481 4281 76
503 4228 582 4284 Ne
598 4230 670 4282 sit
680 4229 989 4297 praemla·
1001 4230 1145 4299 alter,
1165 4230 1278 4297 aa]
1300 4230 1417 4285 Nec

1494 1631 1567 1679 sit
1608 1630 1859 1696 quispiam
1912 1635 1968 1680 te
2018 1627 2240 1694 peritior
2289 1628 2567 1679 exercendi

1494 1707 1775 1771 mangonii,
1795 1706 1849 1757 id
1874 1712 1975 1769 est,
1994 1703 2268 1755 coemendi
2288 1704 2568 1768 mancipia,

1497 1794 1556 1833 et
1597 1785 1728 1833 bene
1773 1791 1955 1833 curata
2014 1781 2348 1845 saginatque
2398 1780 2569 1830 carius

1500 1859 1777 1909 vendendi.

1562 1940 1627 1987 77
1661 1937 1962 2000 Cappadocas
1977 1934 2203 2000 pianes]
2221 1934 2389 1984 Vetus
2408 1931 2568 1982 scho-

1498 2012 1679 2062 liastes
1700 2013 1934 2077 explicat
1950 2014 2016 2061 de
2038 2011 2406 2075 gladiatoribus
2424 2026 2440 2060 ι
2474 2009 2568 2060 sed

1498 2103 1616 2139 cum
1638 2090 1750 2154 ipso
1770 2098 1921 2139 textu
1934 2091 2219 2139 reclamant
2234 2093 2290 2138 et
2307 2084 2568 2151 refragan-

1498 2170 1588 2216 tur
1629 2165 1730 2216 viri
1771 2165 2077 2226 doctissimi,
2115 2173 2173 2215 et
2222 2163 2493 2214 venalitios
2538 2178 2570 2212 e

1502 2242 1836 2306 Cappadocia
1857 2256 2030 2292 servos
2054 2242 2372 2305 intelligunt,
2394 2238 2570 2290 robus·

1503 2324 1585 2368 tos
1606 2319 1815 2384 quidem
1840 2326 1896 2369 et
1918 2318 2160 2383 grandes.
2216 2318 2327 2368 Cic.
2351 2322 2468 2381 post
2488 2330 2571 2366 re-

1497 2393 1665 2445 ditum
1681 2396 1737 2444 iu
1754 2398 1945 2446 Senatu
1959 2412 1975 2445 ι
1999 2398 2015 2424 ⁸
2036 2395 2403 2460 Cappadocem
2414 2393 2570 2445 modo

1498 2469 1776 2536 abreptum
1795 2472 1862 2521 de
1883 2486 2043 2537 grege
2060 2473 2316 2524 venalium
2331 2472 2572 2522 diceres?

1499 2548 1690 2598 Horat.
1724 2548 1896 2612 Epist.
1920 2562 1960 2598 1.
1984 2553 2035 2598 6.
2074 2548 2091 2575 ⁴
2114 2547 2395 2611 Mancipiis
2429 2549 2572 2599 locu·

1497 2624 1611 2687 ples
1647 2630 1777 2688 eget
1835 2627 1950 2675 eris
2005 2624 2375 2689 Cappadocum
2416 2623 2572 2676 Rex!

1497 2699 1668 2751 Porro
1702 2701 2038 2764 Cappadocia
2067 2706 2149 2750 est
2179 2698 2323 2750 Asia
2359 2701 2573 2753 minoris

1498 2777 1665 2840 regio,
1694 2777 1844 2840 cujus
1876 2777 2055 2841 populi
2093 2775 2147 2825 id
2181 2776 2447 2840 peculiare
2480 2777 2570 2827 ba·

1500 2850 1745 2916 buerunt,
1787 2852 1928 2917 quod
1982 2852 2285 2902 servitutem
2338 2852 2569 2904 libertati

1497 2928 1843 2992 pratulerint.
1910 2929 2049 2979 Nam
2080 2942 2115 2977 a
2151 2927 2397 2979 Romanis
2419 2929 2570 2980 liber·

1498 3009 1664 3053 tatem
1683 3003 1969 3068 deprecati,
2000 3004 2103 3054 illis
2124 3005 2571 3072 permittentibus,

1497 3076 1902 3129 Ariobarzanem
1918 3081 2115 3144 Regem
2127 3080 2414 3146 elegerunt.
2431 3082 2569 3133 Vide

1498 3153 1652 3205 Alex.
1673 3156 1738 3203 ab
1760 3155 1913 3206 Alex.
1931 3168 2000 3206 ιι.
2022 3159 2106 3207 27.

1561 3230 1832 3294 Pleasisse]
1857 3232 2066 3297 Legunt
2082 3231 2169 3284 alii
2192 3234 2446 3286 elusisse.-
2480 3234 2571 3285 alii

1490 3307 1698 3371 panim,
1735 3308 1792 3358 id
1815 3315 1919 3372 est,
1947 3309 2082 3360 bene
2118 3324 2325 3361 curasse
2356 3318 2414 3362 et
2446 3325 2570 3363 enu-

1500 3384 1727 3474 trivisse,
1775 3393 1835 3436 ut
1885 3384 2085 3437 facilius
2135 3396 2358 3438 emtores
2428 3389 2571 3441 inve·

1497 3462 1649 3512 uiant
1670 3461 1885 3527 pingues
1903 3468 1959 3513 et
1970 3463 2281 3527 corpulenti.
2318 3462 2572 3514 Attamen

1497 3546 1676 3589 amant
1692 3538 1974 3602 doctiores,
1990 3547 2046 3588 et
2065 3539 2310 3605 retinent,
2326 3542 2572 3605 pharisee,

1497 3613 1743 3679 ambigua
1765 3615 1973 3701 quidem
1986 3615 2075 3664 sed
2093 3615 2302 3667 erudita
2313 3617 2573 3682 siguifica-

1499 3689 1646 3741 tione
1679 3696 1738 3740 et
1769 3689 1978 3755 ingenio
2002 3690 2214 3739 satirici
2244 3693 2414 3741 nostri
2441 3692 2570 3743 satis

1499 3778 1750 3830 congrua.
1833 3764 2022 3828 Itaque
2069 3764 2320 3829 phuni-0,
2361 3767 2446 3817 vel
2487 3774 2570 3819 est

1496 3840 1739 3904 palpasse
1791 3853 1948 3889 manu
1994 3854 2263 3891 servorum
2312 3843 2571 3897 venalium

1496 3918 1746 3983 membra,
1774 3916 1841 3967 ad
1878 3915 2241 3969 ostentandam
2286 3921 2570 3973 emturien-

1496 3993 1636 4045 tibus
1657 3994 1847 4045 bonam
1867 3994 2102 4058 corporis
2131 3994 2485 4048 habitudinem
2505 4012 2568 4049 ac

1495 4071 1752 4124 niterent
1799 4071 1904 4134 vel,
1920 4085 2096 4123 servos
2118 4072 2376 4123 laudando
2397 4079 2455 4124 et
2476 4088 2569 4141 ap-

1496 4149 1793 4215 plaudendo
1816 4149 2066 4201 incitasse
2095 4148 2162 4199 ad
2184 4147 2476 4201 saltandum
2497 4164 2567 4202 ex

1496 4225 1907 4290 consuctudiue3
1947 4224 2104 4279 immo
2124 4232 2181 4280 et
2202 4224 2373 4292 patrio
2415 4240 2564 4280 more
