3050 4913
1257 389 1534 438 SA'mRA
1585 391 1630 439 1.

2357 374 2560 445 ..43

346 531 687 611 Quidnam
717 532 912 614 igitur
938 536 1255 611 tenerum,
1285 538 1351 597 et
1375 534 1537 597 laxa
1566 534 1826 598 cervice
1854 534 2195 618 legendum
2215 538 2246 599 'l

348 634 552 700 Torva
582 632 1007 697 ,Mimalloneis
1035 634 1364 718 implerunt
1396 656 1627 698 cornua
1655 633 1926 703 bombis.-

342 737 456 815 Et,
488 733 766 821 Raptum
799 734 993 798 vitulo
1021 745 1206 819 caput
1231 733 1528 799 ablatura
1561 737 1817 819 superbo

2419 741 2550 806 lou

343 835 671 902 Bassaris.
662 864 677 877 ·
736 845 821 915 et,
856 834 1128 922 lyncem
1154 830 1398 901 Mamas
1410 835 1668 919 flexura
1697 840 2021 925 corymbis,

338 1020 536 1082 Ecqua
558 1034 672 1081 erg-o
690 1033 895 1069 carmen
916 1022 1073 1082 molle,
1096 1027 1140 1071 et
1159 1022 1558 1085 pronuntiandum
1577 1022 1730 1085 eapite
1750 1021 1931 1085 defien
1946 1020 1972 1072 ’.7
2007 1023 2208 1087 Nempe
2230 1024 2374 1074 liaec:
2408 1024 2547 1089 inflo-

336 1089 455 1133 raat
483 1084 622 1133 tubas
663 1084 899 1134 terribiles
933 1088 1063 1135 mis
1099 1086 1462 1150 Bacchanalium,
1501 1092 1549 1135 et
1581 1100 1699 1135 mox
1721 1089 1885 1150 Agave
1919 1093 2139 1151 ereptura
2170 1094 2308 1152 caput
2338 1089 2549 1140 ablatam

1271 1212 1415 1233 OOm
1418 1213 1624 1233 mm

330 1300 473 1371 Ερἀ
518 1303 848 1353 multa—99
882 1303 1176 1353 Mimalioais
1196 1304 1419 1355 c.—102
1454 1304 1642 1354 Euhion
1677 1304 1902 1355 C.-—-1o4
1938 1302 2075 1357 Olim
2119 1304 2222 1355 levi
2255 1305 2548 1359 mutatione.

1322 1437 1538 1488 No'rAE

326 1544 421 1605 sed
470 1547 643 1601 calore
679 1549 814 1599 Solis
857 1555 912 1599 et
945 1555 1103 1600 aetate
1135 1551 1397 1614 paululum
1462 1520 1592 1603 dm.
1615 1550 1680 1600 ad
1702 1550 1813 1599 haec
1836 1548 2027 1598 verba:
2079 1547 2095 1575 ‘
2119 1546 2392 1601 Auriculas
2411 1548 2542 1609 asini

325 1623 599 1675 imminuto
645 1634 698 1676 et
733 1628 951 1678 siccato.
1016 1629 1148 1678 Vide
1176 1631 1395 1682 Quintil.

329 1701 365 1750 l.
395 1714 452 1751 x.

334 1776 708 1851 Proegmdi]
742 1779 847 1829 Alii
882 1782 1080 1846 legunt,
1103 1784 1362 1845 venandi.

334 1840 594 1915 Sabere]
629 1854 795 1920 Saba,
829 1858 983 1907 arbor
1023 1873 1211 1909 crassae
1243 1859 1397 1909 corti-

325 1929 423 1990 cis,
445 1929 581 1979 Plin.
606 1944 723 1981 xvi.
748 1937 798 1984 8.

395 2005 616 2070 Coctam]
638 2007 919 2067 Maurum,
939 2008 1144 2070 durum,
1162 2010 1394 2060 solidum.

324 2080 396 2130 Et
435 2082 809 2147 metaphorice,
860 2084 980 2148 igne
1026 2086 1173 2150 quasi
1205 2087 1393 2150 judicii

326 2162 621 2221 excoctum,
663 2167 721 2208 et
759 2160 1077 2211 elaboratum
1123 2163 1188 2212 ad
1229 2180 1393 2214 amus-

326 2246 439 2281 sim.

386 2313 453 2357 98
512 2309 752 2366 Quidnam
806 2313 960 2375 igitn
1005 2319 1233 2375 team,
1284 2316 1389 2380 εμπ]

322 2381 675 2435 Excandescit
698 2387 939 2451 monitor,
969 2396 1024 2437 et
1063 2389 1116 2438 iu
1153 2390 1389 2441 Persium

318 2459 577 2524 insurgit:
625 2464 825 2528 ecquod
871 2480 997 2529 ergo
1038 2481 1245 2516 carmen
1294 2468 1389 2517 tibi

323 2537 532 2586 tandem
582 2540 920 2603 probabitur?
986 2543 1138 2595 Quod
1179 2558 1386 2594 carmen

323 2611 596 2675 legendum
620 2615 729 2664 sine
754 2618 855 2666 ulla
878 2616 1232 2681 affectatione,
1266 2621 1388 2684 quia

320 2702 417 2752 per
455 2704 568 2740 sese
608 2694 1102 2744 commendationem
1142 2695 1387 2746 habebit?

323 2763 410 2814 An
433 2781 554 2814 vero
594 2769 751 2816 ullum
786 2778 884 2830 est,
909 2770 1045 2834 quod
1081 2771 1183 2835 legi
1224 2772 1388 2835 possit

320 2839 436 2888 laxa
456 2843 650 2904 cervice,
666 2857 726 2891 ac
746 2842 961 2907 perinde
983 2860 1220 2908 magnum
1238 2854 1389 2895 sonet

319 2923 377 2965 et
414 2918 629 2980 grande,
674 2921 904 2984 quamvis
941 2920 1074 2969 haud
1115 2929 1291 2971 erecta
1333 2930 1387 2973 et

316 2994 543 3055 superba
578 2997 776 3057 legatur
809 2997 1050 3046 cervice?
1101 2998 1238 3063 quod
1274 3000 1386 3062 qui-

314 3067 434 3116 dem
476 3071 684 3119 solenne
724 3080 805 3121 est
840 3079 895 3123 et
933 3075 1139 3123 solitum
1198 3075 1377 3124 Poetis

312 3140 505 3192 inflatis
541 3145 769 3208 turgidos
808 3162 926 3196 suos
965 3163 1143 3197 versus
1166 3150 1379 3213 legenti·

314 3215 433 3281 bus,
458 3220 542 3282 qui
566 3236 801 3283 magnum
827 3221 952 3286 quid
972 3222 1036 3272 de
1059 3240 1115 3272 se
1136 3225 1233 3287 ipsi
1253 3225 1376 3275 suis-

314 3308 419 3357 que
441 3295 752 3345 carminibus
770 3298 1017 3361 sentiunt,
1041 3307 1096 3348 et
1126 3301 1238 3349 aliis
1263 3315 1381 3365 per-

314 3371 536 3421 suadere
592 3374 828 3423 nituntur
877 3371 1098 3438 superbo
1147 3377 1236 3425 illo
1287 3393 1379 3427 suo

314 3458 487 3509 gestu.

379 3528 445 3573 99
485 3525 633 3573 Torva
674 3525 1012 3587 Mimalloneis]
1076 3526 1378 3589 Respondet

310 3599 510 3649 ironice
546 3602 784 3650 Persius:
835 3603 945 3650 haec
984 3617 1170 3664 nempe
1212 3604 1375 3653 Nero-

310 3677 483 3739 niana,
516 3693 545 3725 e
577 3680 788 3728 Bacchis
812 3680 942 3742 ejus,
966 3680 1214 3728 concinna
1238 3688 1374 3730 sunt.

311 3752 479 3803 Porro
491 3754 544 3802 in
561 3756 668 3803 istis
685 3756 914 3804 versibus
930 3756 1093 3804 mollis
1108 3762 1188 3804 est
1205 3756 1377 3820 rhyth-

308 3845 426 3878 mus
461 3838 516 3880 et
541 3828 832 3889 affectatus,
857 3838 1087 3881 ceterum
1126 3847 1276 3895 quam
1304 3840 1378 3881 te·

307 3905 428 3955 nnis
446 3916 707 3969 sensus‚et
729 3908 1001 3956 verborum
1022 3909 1206 3957 tumori
1225 3925 1375 3972 quam

307 3981 573 4032 minimum
617 3985 925 4047 respondet!
997 3987 1124 4033 Sunt
1166 3986 1251 4049 qui
1290 3999 1377 4034 ne·

309 4066 438 4124 gent
460 4074 636 4108 versus
674 4060 764 4109 hos
792 4060 1015 4109 Neronis
1056 4075 1188 4124 esse,
1220 4061 1311 4110 sed
1346 4077 1377 4111 a

307 4133 495 4184 Persio
530 4135 596 4184 ad
633 4135 1016 4186 similitudinem
1057 4137 1374 4186 Neroniano-

307 4225 424 4262 rum
446 4211 698 4270 confictos
757 4220 816 4262 ut
854 4213 1086 4282 dicemus
1122 4212 1258 4266 infra
1294 4229 1371 4265 vs.

1475 1625 1590 1689 quis
1616 1640 1715 1675 non
1740 1624 1900 1674 habet
1913 1624 1947 1672 ?'
2177 1690 2182 1695 .

1541 1703 1715 1766 Torva]
1762 1704 1860 1752 Vel
1883 1718 1911 1751 a
1937 1702 2180 1752 terrendo
2205 1704 2352 1767 quasi
2372 1710 2542 1763 terim

1475 1779 1557 1827 vel
1581 1784 1709 1828 torta
1731 1795 1762 1828 a
1786 1778 2091 1843 torquendo,
2105 1779 2160 1827 id
2183 1787 2283 1841 est,
2300 1777 2506 1832 inflexa.

1541 1854 1885 1916 Mimalloneis]
1953 1854 2161 1917 Mimas,
2183 1855 2335 1919 antis,
2375 1855 2538 1907 Ioniae

1473 1944 1638 1990 mons,
1660 1929 1713 1978 in
1737 1944 1839 1994 quo
1877 1930 2041 1993 Orgia
2061 1930 2270 1980 Baccho
2309 1930 2541 1981 celebra-

1475 2008 1686 2058 bantur.
1754 2008 1895 2057 Hinc
1918 2009 2242 2058 Bacchantes
2264 2008 2420 2059 dictae
2439 2008 2539 2058 Mi-

1472 2084 1736 2133 mallones.

1538 2159 1800 2223 Impleraat
1820 2159 2014 2223 cor-aua]
2080 2160 2252 2209 Vento
2276 2158 2542 2223 influunt,

1471 2239 1528 2283 et
1551 2236 1876 2284 cecinerunt.
1946 2234 2008 2283 Id
2031 2242 2130 2298 est,
2164 2236 2339 2284 statim
2379 2241 2538 2300 atque

1472 2310 1667 2373 signum
1698 2309 1876 2359 datum
1916 2320 1993 2360 est
2035 2312 2416 2361 Bacchantibus
2437 2326 2534 2378 per

1473 2386 1638 2437 tubas.
1703 2436 1709 2443 ,

1542 2464 1751 2530 Bombis]
1799 2465 1913 2513 Vox
1950 2464 2014 2512 ad
2046 2464 2386 2516 imitationem
2423 2465 2535 2522 soni

1467 2536 1624 2588 facta.
1691 2539 1905 2602 Proprie
1927 2538 2115 2587 bombus
2148 2545 2230 2587 est
2265 2540 2351 2588 ille
2380 2553 2534 2589 sonus

1468 2629 1620 2679 quem
1644 2614 1809 2665 edunt
1833 2630 1975 2679 apes.

1533 2694 1626 2739 100
1670 2691 1849 2754 Vitalo]
1914 2691 2171 2751 Pentheo,
2210 2704 2361 2755 quem
2397 2688 2532 2740 vitu-

1467 2767 1572 2815 lum
1619 2783 1734 2816 esse
1779 2767 2117 2817 crediderunt
2156 2765 2386 2816 furentes
2430 2766 2532 2816 illae

1466 2843 1729 2905 mulieres,
1750 2843 1963 2908 ipsaque
1987 2843 2167 2907 Agave
2199 2843 2310 2907 ejus
2347 2850 2533 2892 mater.

1469 2917 1658 2967 Horat.
1683 2921 1796 2968 Sat.
1821 2932 1881 2969 n.
1903 2924 1951 2968 3.
2033 2919 2106 2968 At
2129 2919 2285 2969 Ovid.
2311 2920 2530 2970 Metam.

1466 3007 1553 3044 111.
1572 3009 1753 3058 aprum
1778 2995 1877 3043 illis
1902 2995 2081 3054 visum,
2105 2995 2196 3056 ait,
2220 3009 2430 3059 remque
2455 3004 2531 3046 to-

1468 3076 1573 3118 tam
1598 3070 1863 3133 eleganter
1886 3070 2151 3120 describit.

1532 3147 1686 3208 Capul
1710 3145 1951 3208 ablutura]
2017 3146 2198 3210 Agave
2223 3148 2420 3197 Bacchi
2441 3148 2532 3200 Sa·
2607 3185 2612 3188 =

1456 3221 1639 3271 cer-dos
1678 3223 1865 3271 ceteris
1922 3224 2303 3273 Baccliantibus
2348 3225 2529 3288 adjuta

1461 3303 1676 3347 mortem
1696 3298 1875 3347 intulit
1910 3301 2121 3362 proprio
2145 3298 2248 3348 filio
2274 3300 2531 3361 Pentheo,

1460 3388 1523 3422 eo
1548 3389 1649 3437 quo
1674 3388 1776 3422 non
1803 3374 2015 3435 licebat,
2037 3376 2342 3435 accedenti3
2378 3375 2530 3439 eique

1461 3451 1626 3513 prima
1650 3452 1873 3500 omnium
1898 3461 2058 3515 caput
2092 3452 2284 3501 ademit
2309 3450 2528 3500 Bacchi-

1461 3540 1524 3573 co
1551 3526 1724 3574 furore
1750 3527 1968 3588 percita.

1521 3602 1754 3664 Superbo]
1858 3603 2177 3651 Contemtori
2245 3602 2523 3665 Orgiorum

1457 3684 1508 3726 et
1541 3678 1811 3726 Sacrorum
1834 3675 2049 3726 Bacchi.
2118 3678 2522 3743 Metamorphos.

1458 3766 1584 3802 xm.
1631 3752 2029 3802 Bacchanalium
2060 3755 2233 3804 Romae
2257 3756 2527 3822 originem,

1459 3835 1513 3877 et
1566 3828 1948 3892 abrogationem
1990 3830 2123 3894 lege,
2163 3830 2204 3877 si
2246 3832 2341 3895 vis,
2381 3834 2522 3897 apud

1458 3907 1563 3955 Tit.
1586 3907 1698 3956 Liv.
1720 3920 1918 3956 xxxix.
1944 3911 1990 3957 8.
2015 3914 2068 3956 et
2091 3910 2443 3973 sequentibus.

1524 3986 1613 4030 101
1652 3983 1897 4046 Bassaris]
1963 3983 2142 4048 Agave
2166 3988 2237 4034 ita
2261 3988 2524 4050 cognomi·

1456 4069 1581 4110 nata
1602 4063 1734 4110 sicut
1754 4068 1809 4111 et
1830 4063 1944 4111 alioe
1974 4063 2161 4112 Bacchi
2197 4064 2522 4127 sacrificulae,

1456 4153 1485 4186 a
1511 4139 1735 4188 Bessara
1755 4138 1935 4201 Libya
1959 4140 2093 4199 loco,
2127 4139 2215 4188 ubi
2251 4140 2518 4189 colebatur

1452 4213 1712 4279 Bacchus,
1731 4221 1788 4264 ut
1811 4217 1928 4265 vult
1950 4213 2161 4277 Acron3
2213 4216 2296 4264 vel
2330 4230 2363 4267 a
2395 4215 2518 4268 Baa-
