3050 4913
1218 446 1494 496 SA'mRA
1543 447 1592 496 1.

2431 438 2516 503 51

305 592 470 657 Inde
502 596 823 676 vaporata
849 590 1055 656 lector
1081 590 1242 654 mihi
1270 590 1524 659 ferveat
1554 612 1754 674 aure3

304 690 467 757 Non
496 693 629 769 hic,
662 693 777 774 qui
806 692 874 755 in
902 690 1206 774 crepidas
1236 691 1591 757 Graiorum
1618 694 1843 760 ludere
1868 697 2063 780 gestit

306 794 655 871 SordiduS,
684 801 752 857 et
777 794 967 857 lusco
996 792 1111 876 qui
1141 795 1367 875 poscit
1389 792 1635 872 dicere,
1663 795 1907 875 Lusce,

299 1001 434 1062 piam
462 1001 736 1064 perfectius.
807 1001 937 1050 Hine
976 1000 1207 1058 caldam-tn
1244 1001 1463 1050 auricula
1497 1016 1613 1064 erga
1637 1018 1711 1053 sne
1730 1005 1995 1057 inardescat
2019 1010 2191 1059 lector.-
2224 1027 2316 1061 non
2339 1019 2513 1064 autem

296 1066 385 1114 5112
408 1065 487 1129 qui
522 1067 733 1130 impurum
765 1069 939 1129 gaudet
965 1067 1167 1116 irridere
1188 1066 1363 1116 calceos
1383 1064 1682 1132 Grumum,
1722 1074 1770 1119 et
1803 1071 1885 1134 qui
1918 1074 2075 1122 coeliti
2112 1081 2246 1139 optat
2284 1078 2457 1142 dicero,
2482 1093 2515 1129 o

1236 1221 1412 1241 000000

1414 1222 1592 1241 OOOOOO

305 1322 472 1368 ——126
512 1318 645 1367 Unde
665 1333 774 1380 nep.
807 1318 948 1368 Edit.
971 1320 1156 1384 Steph.
1179 1326 1236 1370 et
1258 1321 1363 1370 Ms.
1388 1321 1674 1372 cah—128
1703 1322 1851 1386 possit
1874 1325 2026 1373 dicere
2059 1325 2158 1374 Mn.
2183 1326 2251 1375 R.
2295 1327 2517 1392 Scripsi-

309 1398 423 1431 mus
440 1383 610 1445 poscit,
641 1397 742 1431 non
771 1383 922 1445 possit
939 1400 956 1433 .-
1000 1390 1274 1448 utrumque
1297 1392 1377 1435 est
1398 1386 1633 1435 invenire
1655 1386 1708 1434 in
1732 1388 2017 1438 veteribus:
2054 1390 2143 1438 sed
2167 1390 2293 1440 illud
2314 1393 2515 1444 melius.

305 1447 456 1496 Luce
470 1447 664 1496 habent
682 1447 1011 1511 membranae,
1023 1463 1123 1497 non
1150 1456 1205 1497 ut
1223 1450 1309 1497 alii
1325 1450 1545 1500 Codices
1564 1454 1744 1500 luscus.-
1777 1451 1914 1516 quod
1933 1453 2076 1502 sicui
2098 1456 2322 1518 placeat,
2337 1471 2514 1507 sensus

307 1512 414 1561 erit
450 1513 702 1573 optimus:
752 1512 970 1573 scilicet,
1009 1512 1113 1563 Qui
1137 1513 1351 1563 Graecos
1375 1515 1603 1564 homiues
1626 1515 1932 1578 Gregaricis
1960 1518 2096 1567 vitiis
2129 1518 2423 1570 laborantes
2446 1522 2515 1570 ri-

307 1575 434 1625 dere
457 1583 611 1638 amat,
630 1577 782 1625 luscus
801 1576 932 1641 ipse,
953 1584 1009 1626 et
1032 1576 1213 1627 iisdem
1236 1578 1377 1628 vitiis
1398 1579 1669 1629 obnoxius.
1723 1581 2147 1632 cannabem—128
2180 1584 2431 1635 Scordalus
2451 1587 2517 1637 Β.

1304 1764 1522 1815 No‘rAE

308 1906 453 1958 refer
471 1906 537 1956 ad
562 1907 857 1967 Lemurem,
888 1913 950 1956 ut
978 1921 1157 1958 seusus
1181 1909 1279 1958 sit:
1331 1908 1374 1958 si

310 1985 518 2048 quidem
539 1987 597 2033 tu
619 1983 801 2033 melius
820 1983 1085 2047 quidpiam
1109 1985 1306 2050 reperis
1323 1986 1375 2034 in

309 2061 438 2112 meis
459 2060 663 2123 Satiris,
701 2061 742 2109 si
777 2061 899 2125 quid
922 2060 1209 2124 perfectius
1227 2062 1376 2113 audis

310 2146 367 2187 et
405 2138 585 2187 audire
627 2138 792 2201 cupis,
833 2152 987 2202 quam
1029 2139 1135 2189 sint
1177 2154 1241 2188 ea
1284 2154 1374 2189 seu

310 2212 556 2270 Neronis,
596 2227 686 2261 seu
722 2213 934 2262 aliorum
974 2216 1219 2277 camina,
1254 2231 1373 2281 quae

309 2291 452 2340 velut
481 2290 663 2349 cruda,
685 2287 950 2351 affectata,
976 2300 1032 2341 et
1064 2292 1374 2343 inconcinna

309 2365 639 2429 reprehendi.

374 2440 653 2504 Decooeius]
731 2442 1009 2494 Maturiori
1048 2444 1267 2509 judicio,
1317 2453 1374 2497 et

307 2519 531 2583 longiori
572 2526 686 2568 arte
728 2534 789 2568 ac
828 2520 998 2570 studio
1036 2521 1373 2572 elaboratum.

310 2596 551 2657 Metaph.
592 2595 672 2644 vel
709 2610 740 2644 a
775 2595 912 2655 vino,
946 2598 1081 2661 quod
1111 2599 1177 2647 ad
1199 2598 1373 2649 dulce·

307 2669 483 2720 dinem
538 2669 808 2734 coquitur-3
861 2673 944 2721 vel
988 2687 1020 2720 a
1072 2672 1379 2737 liquoribus,

309 2747 401 2812 qui
436 2746 637 2797 reducti
678 2747 937 2797 bulliendo
976 2748 1042 2798 ad
1083 2751 1289 2800 tertiam
1318 2759 1376 2801 et

310 2831 550 2888 quartam
590 2832 791 2886 partem
829 2825 991 2874 multo
1029 2827 1146 2889 plus
1184 2827 1378 2877 habent

306 2900 513 2949 virium.
598 2901 685 2949 Sic
730 2900 974 2965 Virgilius
1015 2901 1184 2952 fertur
1226 2917 1377 2953 mane

308 2977 492 3026 solitus
523 2975 749 3025 condere
773 2991 949 3026 versus
971 2978 1376 3043 quinquagenos,

306 3053 568 3115 pluresve,
608 3068 736 3116 quos
771 3055 975 3118 vesperi
1010 3054 1077 3104 ad
1103 3055 1262 3105 denos
1285 3064 1377 3105 aut

307 3129 521 3179 circiter
566 3128 850 3192 redigebat.
920 3131 1138 3182 Quintil.
1185 3144 1267 3180 11.
1322 3135 1372 3181 4.

306 3205 326 3231 ⁸
365 3203 645 3254 Materiam
705 3205 821 3254 volo
877 3205 1134 3268 primum,'
1188 3206 1380 3270 inquit,

305 3280 459 3329 ‘esse
499 3283 580 3329 vel
626 3280 1076 3343 abundantiorem,
1117 3282 1201 3330 vel
1236 3283 1375 3331 ultra

309 3371 469 3423 quam
489 3363 730 3420 oporteat
752 3356 947 3406 fusam:
1002 3357 1218 3407 multum
1255 3356 1375 3407 inde

308 3433 606 3499 decoquent
637 3434 777 3490 anni,
813 3433 1029 3481 multum
1062 3434 1195 3482 ratio
1232 3433 1377 3483 lima·

308 3511 408 3571 bit,
430 3511 625 3575 aliquid
651 3512 731 3559 vel
753 3512 867 3573 ipso
892 3526 985 3559 usu
1010 3509 1314 3561 deteretur.’

378 3592 476 3638 126
510 3587 629 3636 Inde
648 3586 895 3650 vaporata]
949 3587 1031 3636 Ex
1054 3585 1277 3636 lectione
1300 3601 1380 3634 su-

308 3664 671 3730 pradictorum
698 3664 979 3714 Poetarum
1000 3678 1142 3714 mens
1162 3664 1376 3713 lectoris

308 3742 547 3792 excitata
584 3750 641 3791 et
677 3740 992 3790 inflammata
1018 3740 1082 3790 ad
1125 3755 1266 3790 meas
1287 3739 1376 3789 de-

307 3819 436 3868 inde
459 3817 702 3880 legendas
718 3817 911 3868 Satiras
930 3816 1173 3879 proclivis
1196 3824 1252 3865 et
1273 3814 1376 3864 fer-

310 3894 436 3944 vida
475 3893 584 3943 fiat.
664 3893 841 3954 virgil.
896 3892 1096 3942 AEneid.
1143 3905 1226 3941 xi.
1288 3893 1379 3940 ‘et

312 3972 566 4035 templum
596 3971 743 4019 thure
768 3968 1057 4032 vaporant!

380 4051 475 4097 127
512 4047 626 4095 Non
668 4046 767 4109 hic]
842 4046 923 4094 Ne
964 4046 1006 4094 is
1048 4044 1168 4094 mihi
1211 4045 1377 4093 lector

309 4123 605 4187 contingat,
649 4123 734 4187 qui
782 4135 899 4170 cum
944 4120 1101 4172 animi
1149 4121 1276 4170 vitia
1323 4121 1376 4169 iu

310 4198 643 4261 Philosophia
664 4204 722 4246 et
743 4196 909 4246 doctis
929 4197 1074 4247 nulla
1093 4196 1378 4261 deprehen-

310 4275 408 4326 dat
428 4274 712 4340 arguenda,
740 4281 1015 4324 externum
1036 4287 1217 4324 eorum
1239 4272 1379 4323 habi-

1458 1915 1565 1959 tum
1596 1911 1780 1960 saltem
1813 1910 2030 1961 irridere
2053 1918 2192 1961 amat
2215 1918 2272 1963 et
2288 1913 2517 1964 delecta·

1457 1995 1557 2038 tur.

1522 2066 1773 2129 crepidas]
1848 2065 2068 2127 Gellius,
2121 2078 2250 2117 xm.
2306 2071 2386 2116 20.
2442 2067 2517 2118 ait

1454 2142 1691 2205 crepidas
1735 2156 1767 2192 a
1810 2141 2053 2191 Romanis
2091 2143 2256 2191 soleas
2299 2142 2420 2205 dici,
2460 2150 2518 2194 et

1452 2219 1704 2268 soleatum
1741 2215 2004 2279 incedere,
2046 2218 2189 2265 velut
2230 2222 2381 2281 turpe
2420 2219 2518 2268 cri·

1452 2307 1570 2343 men
1592 2291 1746 2356 objici
1767 2291 1989 2341 solitum.
2057 2293 2124 2340 Et
2153 2292 2337 2342 Horat.
2359 2291 2449 2342 lib.
2477 2307 2517 2342 1.

1451 2369 1607 2419 Satir.
1632 2373 1680 2418 3.
1748 2372 1763 2397 ⁸
1782 2369 1986 2432 sapiens
2004 2367 2241 2432 crepidas
2262 2368 2361 2416 sibi
2390 2383 2516 2418 nun-

1452 2461 1623 2512 quam,
1677 2446 1793 2497 Nec
1835 2446 2002 2496 soleas
2037 2442 2202 2494 fecit!
2294 2446 2517 2510 Proprie

1452 2524 1666 2587 crepida
1702 2530 1782 2573 est
1829 2523 2237 2572 calceamentum
2289 2520 2515 2570 Tuscum

1453 2601 1521 2650 ad
1561 2600 1720 2664 pedes
1749 2598 1983 2663 corrigiis
2015 2596 2346 2660 subligatum,
2377 2597 2517 2661 quod

1458 2676 1886 2738 Philosophorum
1923 2673 2081 2723 etiam
2123 2671 2387 2735 proprium
2438 2669 2519 2721 fu·

1456 2750 1578 2813 isse,
1595 2751 1745 2800 testis
1767 2749 1905 2799 idem
1929 2748 2144 2799 Gellius.

1527 2828 1624 2883 Qui
1646 2829 1695 2875 in
1713 2827 1926 2890 crepidas
1949 2824 2204 2872 Graiorum
2225 2822 2384 2870 ludere
2410 2835 2517 2882 ges-

1424 2956 1441 2964 „
1457 2905 1543 2968 m]
1598 2903 1705 2952 Per
1727 2917 1815 2951 eos
1837 2901 1926 2966 qui
1950 2900 2255 2950 Graecorum
2279 2898 2517 2963 crepidas

1455 2979 1694 3041 irrident,
1731 2978 2024 3040 intelligunt
2064 2978 2213 3040 vulgo
2246 2991 2334 3025 eos
2359 2974 2519 3025 homi·

1457 3071 1568 3116 nes,
1592 3057 1680 3119 qui
1716 3053 2144 3117 Philosophorum
2167 3051 2339 3100 studia
2361 3059 2518 3116 atque

1454 3132 1692 3181 instituta
1717 3130 2005 3194 negligunt,
2026 3136 2081 3177 et
2107 3128 2193 3191 qui
2217 3128 2517 3179 Graecorum

1454 3208 1766 3270 elegantiam
1806 3213 2172 3255 contemnunt:
2221 3204 2356 3268 quod
2397 3220 2520 3254 con-

1453 3283 1661 3333 firmare
1683 3282 1890 3333 videtur
1915 3297 2012 3330 vox
2035 3295 2270 3347 sequens,
2284 3283 2519 3332 sordidas.

1456 3362 1637 3411 Malim
1669 3376 1766 3423 ego
1800 3374 1917 3408 cnm
1941 3358 2244 3423 quibusdam
2268 3359 2520 3421 interpre-

1458 3437 1558 3485 tari
1578 3437 1647 3485 de
1674 3436 1904 3495 Nerone,
1927 3450 2078 3499 quem
2102 3435 2185 3499 (ut
2208 3436 2282 3484 ait
2301 3436 2517 3485 Sueton.

1456 3514 1510 3563 in
1547 3515 1757 3564 Nerone
1794 3527 1909 3573 cap.
1948 3511 2056 3573 52.)
2089 3518 2258 3559 mater
2288 3525 2317 3558 a
2342 3509 2517 3558 Philo·

1458 3589 1639 3652 sophia
1694 3589 1900 3646 avertit,
1946 3600 2156 3635 monens
2201 3585 2520 3646 imperaturo

1457 3663 1772 3713 contrariam
1816 3675 1946 3711 esse.
2015 3659 2211 3707 Tullius
2251 3665 2423 3706 autem
2466 3662 2520 3708 2.

1458 3739 1523 3787 de
1540 3738 1690 3788 Orat.
1711 3745 1766 3785 et
1789 3735 1931 3794 alibi,
1948 3735 2070 3783 satis
2091 3734 2253 3783 innuit
2275 3734 2520 3786 Romanis

1457 3815 1660 3863 odiosos
1704 3811 1861 3862 fuisse
1897 3811 2256 3875 Philosophus,
2302 3809 2520 3862 fortasse

1458 3891 1543 3939 vel
1586 3889 1653 3938 ob
1698 3889 1796 3938 hoc
1841 3887 1977 3951 quod
2024 3902 2178 3950 opum
2232 3887 2523 3938 suadebant

1457 3975 1795 4026 contemtum,
1836 3980 1962 4028 quas
2002 3964 2152 4014 avide
2188 3964 2521 4014 sectabantur

1456 4042 1550 4092 illi.
1605 4040 1742 4090 Vide
1760 4041 1870 4089 Sat.
1897 4053 1948 4087 v.
1975 4055 2047 4088 rs.
2073 4040 2270 4089 ultimo.

1522 4124 1618 4169 128
1651 4117 1906 4180 Sordidus]
1961 4118 2058 4165 Vel
2086 4133 2178 4180 per
2201 4118 2380 4167 sordes
2404 4131 2521 4166 ava-

1454 4196 1628 4246 ritiam
1651 4197 1993 4245 Romanorum
2016 4201 2168 4243 notat
2190 4193 2424 4256 Persius,
2440 4191 2522 4240 vel

1458 4272 1752 4336 neglectum
1802 4270 1975 4320 cultus
2023 4267 2316 4330 exterioris,
2364 4279 2521 4332 quem
