3050 4913
1089 365 1338 415 Pansn
1395 364 1556 419 SA‘r.
1604 367 1674 414 V.

278 514 495 565 beatum
525 509 780 575 jactitet;
814 507 903 559 nbi
929 524 962 558 a
994 513 1217 573 praetore
1239 524 1345 557 ma-

277 588 534 639 numissus
552 594 651 636 est.
686 585 1033 650 Apparebaut
1053 586 1191 636 euim
1201 585 1344 635 Prae·

277 665 385 716 tori
416 669 467 715 6.
488 661 863 723 lictorem—Ia,
891 661 996 724 ξω]
1045 661 1108 712 Id
1148 667 1244 725 ost,
1279 660 1342 710 In

275 755 342 793 eo
386 740 599 792 beatum
644 737 916 802 predicat,
966 738 1102 802 quod
1142 735 1343 787 festuca

274 817 363 865 vel
386 816 534 878 virga
567 814 819 878 praetoris,
839 813 1000 876 ipsius
1038 819 1197 876 caput
1228 819 1341 861 tan·

278 890 379 956 git.
415 892 567 940 Idem.

346 971 442 1016 176
473 967 587 1028 Jus,
606 963 714 1028 qm]
770 962 972 1014 Probat
993 963 1211 1013 ulterius
1237 965 1342 1012 Da·

277 1057 416 1093 mam
449 1056 555 1091 nou
593 1055 705 1090 esse
744 1039 965 1090 liberum
997 1054 1062 1089 ex
1096 1039 1343 1105 adjuncta

279 1117 597 1168 ambitione:
650 1116 787 1181 quod
839 1117 931 1166 illa
980 1117 1218 1179 ducatur,
1278 1132 1339 1166 ac

279 1193 501 1259 proinde
541 1193 674 1243 liber
706 1207 820 1242 esse
858 1192 1343 1258 nequeam—Palpo]

281 1268 573 1320 Auferendi
590 1283 757 1332 casus,
769 1283 872 1319 non
891 1268 1203 1320 nominandi.
1247 1270 1343 1318 Est

281 1352 460 1395 autem
483 1345 665 1408 Palpas
698 1359 730 1393 a
762 1344 1040 1408 palpando.
1108 1344 1212 1393 Hic
1250 1358 1343 1408 pro

280 1421 551 1474 blanditiis
574 1427 630 1470 et
660 1419 921 1470 illecebris
956 1421 1194 1484 ponitur;
1235 1420 1344 1484 qui·

280 1498 381 1549 bus
418 1497 649 1548 homines
671 1496 737 1547 ad
779 1496 995 1546 bonores
1028 1497 1342 1548 alliciuntur.

277 1574 458 1624 Dubia.
528 1574 634 1623 Pro
675 1575 825 1637 tollit,
858 1575 945 1622 alii
988 1573 1110 1623 libri
1150 1574 1345 1623 habent

276 1652 440 1701 ducit.-
472 1664 568 1699 nec
601 1651 735 1700 male
773 1651 965 1699 ducere
998 1664 1116 1699 eum
1154 1648 1345 1698 dicitur

278 1726 513 1790 ambitio,
535 1725 622 1791 qui
657 1725 765 1790 ejus
801 1740 959 1776 causa
979 1724 1110 1775 facit
1132 1725 1303 1775 omnia
1326 1740 1342 1785 ς

277 1817 342 1852 ac
376 1800 516 1852 sorte
558 1802 624 1851 ad
655 1803 846 1852 amicos
884 1802 1194 1852 deductores
1228 1816 1346 1851 can-

276 1878 572 1928 didatorum
617 1880 867 1943 respexit.
921 1879 1347 1930 Canania—Hm

276 1954 403 2018 tem]
470 1956 633 2008 Quasi
685 1955 890 2007 honoris
943 1953 1167 2005 avidum.
1246 1955 1344 2005 La·

347 2110 443 2155 177
481 2106 700 2170 cretata]
733 2106 1043 2159 Candidata.
1093 2109 1233 2158 Nam
1255 2108 1344 2173 qui

275 2181 499 2233 bonores
533 2184 855 2247 aspirabant,
883 2184 1151 2235 candidati
1182 2192 1238 2235 et
1273 2188 1345 2235 al·

278 2261 362 2314 bis
388 2261 725 2327 candidisque
749 2263 979 2312 vestibus
1011 2262 1345 2313 incedebant.

277 2336 711 2402 labin-Vigila,
753 2340 860 2404 qa]
931 2340 1090 2390 Ludis
1135 2341 1345 2390 Florali·

278 2411 379 2464 bus
421 2412 591 2463 omnia
634 2415 832 2465 semina
872 2416 1249 2480 spargebantur
1292 2416 1345 2467 in

278 2488 552 2553 populum,
574 2496 633 2539 ut
670 2492 844 2540 Tellus
873 2493 1018 2541 velut
1049 2493 1346 2542 muneribus

277 2564 387 2613 suis
430 2565 748 2627 placaretur.
803 2569 906 2617 Vet.
928 2568 1037 2619 Sele.
1115 2570 1346 2620 Maxime

277 2649 499 2707 propter
555 2642 726 2693 officia
776 2645 1162 2708 salutationum,
1217 2662 1346 2712 quas

277 2723 405 2768 ante
445 2718 726 2769 diluculum
761 2720 1092 2771 inchoabant.
1154 2724 1240 2772 De
1272 2723 1345 2772 la·

276 2794 408 2845 bore
432 2801 489 2845 et
520 2795 709 2859 vigiliis
748 2796 1141 2848 candidatorum
1182 2800 1346 2848 multa

280 2870 470 2921 Cicero
501 2872 656 2921 variis
686 2872 832 2924 locis.
870 2874 1071 2924 Cmab.
1136 2876 1243 2924 Vel·
1271 2875 1348 2924 ita

279 2945 433 3008 dicit,
454 2946 575 3009 quia
613 2947 824 2997 ambitio
856 2948 1112 2998 bominem
1134 2963 1236 2998 non
1275 2947 1348 2999 fa·

278 3022 385 3073 ciie
424 3023 548 3073 sinit
590 3018 1030 3089 quiescere.--Et‚
1059 3027 1166 3090 qa]
1204 3026 1347 3076 Sole-

279 3098 416 3149 bant
447 3101 709 3151 ambitiosi
726 3102 877 3166 ludis,
900 3103 1347 3166 viscerationibus,

279 3176 577 3240 congiariis,
641 3185 696 3227 et
745 3179 1123 3244 largitionibus,
1167 3180 1345 3245 populi

280 3252 502 3319 gratiam
525 3261 757 3317 captare.
792 3256 969 3305 Labie.

350 3333 447 3378 178
481 3331 708 3392 Rixanti,
743 3331 849 3394 ξω]
895 3331 958 3381 ln
996 3331 1228 3395 legendis
1272 3331 1345 3380 le·

281 3406 573 3471 guminibus
611 3407 750 3456 inter
789 3422 845 3457 se
885 3408 1097 3470 rixanti,
1132 3415 1344 3459 conten·

279 3480 452 3544 denti,
497 3486 552 3530 et
584 3482 1137 3546 litiganti.-·-Flomlia]
1193 3484 1348 3533 Festa

277 3558 335 3609 in
375 3560 622 3625 bonorem
668 3561 834 3610 Florae
874 3561 1165 3610 meretricis
1202 3561 1347 3611 insti·

278 3640 417 3698 tuta,
435 3634 693 3699 ebscoena,
716 3641 773 3685 et
799 3634 1025 3685 infanda.
1093 3637 1223 3686 Erat
1256 3652 1345 3686 au-

281 3716 387 3761 tem
413 3711 561 3761 Flora
597 3713 733 3775 Dea,
765 3727 879 3778 quae
898 3711 1108 3762 floribus
1134 3721 1345 3778 praeest,

278 3791 340 3837 et
383 3785 729 3851 leguminibus
772 3789 975 3838 colitur.
1063 3791 1149 3838 De
1201 3789 1345 3853 cujus

277 3861 538 3912 obscoenis
560 3862 717 3913 sacris
756 3864 875 3913 vide
908 3865 1153 3915 lactant.
1191 3880 1229 3915 ι.
1262 3870 1346 3914 20.

277 3938 454 3990 labin.
519 3939 624 3988 Sed
660 3939 744 3989 bic
775 3939 1135 4005 intelliguntur
1167 3955 1344 3991 omnes

275 4019 522 4069 ludorum
552 4019 774 4082 species,
807 4035 933 4083 quos
975 4018 1199 4070 edebant
1231 4019 1344 4069 Ma·

276 4095 552 4160 gistratus,
572 4096 878 4159 popularem
897 4096 1117 4160 gratiam
1132 4102 1345 4161 captan-

281 4179 383 4224 tes.
430 4171 634 4220 cumb.

345 4250 443 4298 1⁷9
474 4246 662 4310 Apu-ici,
690 4245 801 4309 ξω]
879 4244 1062 4298 Solent
1100 4260 1247 4297 senes
1288 4246 1343 4294 iu

410 4327 589 4392 Daph.
608 4331 659 4377 et
687 4328 802 4378 Var-
827 4327 958 4377 Clas.

2349 348 2481 415 273

1418 509 1530 558 sole
1549 507 1763 559 hiberno
1785 508 2078 572 apricantes
2099 508 2178 558 nal
2195 506 2483 572 εἶληθεροΰν·

1414 601 1493 633 τις
1514 585 1653 634 circa
1672 584 1938 635 meridiem
1956 585 2221 648 calidiore,
2238 586 2304 635 de
2326 582 2479 648 nugis

1414 660 1514 710 boc
1536 676 1695 724 genus
1729 663 1958 725 garrirei
1993 664 2129 714 unde
2172 664 2481 713 Graecorum

1416 738 1744 802 proverbium
1761 739 2076 803 μεσημβρινὸς
2093 740 2254 803 λῆρος.
2280 736 2481 787 Casaub.

1419 814 1621 865 Tmeb.
1646 827 1739 864 xx.
1765 818 2031 879 1.—Qaid,
2051 815 2155 880 ξω]
2195 818 2364 869 Quam
2389 827 2479 879 po·

1416 893 1540 955 pulo
1578 891 1805 954 placere,
1842 899 1899 941 et
1942 894 1996 941 in
2042 893 2380 943 admiratione
2423 896 2481 940 et

1416 967 1581 1029 gratia
1597 981 1726 1014 esse.
1755 967 1982 1016 lronice.
2017 968 2190 1018 Lubias.

1482 1046 1578 1090 180
1611 1041 1839 1103 Herodis,
1877 1044 1985 1107 qm]
2058 1043 2299 1094 Herodes
2340 1041 2483 1107 apud

1413 1117 1626 1169 Judaeos
1660 1118 1898 1182 regnavit
1923 1119 2244 1183 temporibus
2278 1117 2482 1184 Augus·

1416 1194 1476 1256 ti,
1494 1193 1546 1241 in
1568 1194 1804 1257 partibus
1819 1194 1998 1258 Syriae.
2052 1194 2339 1243 Herodiani
2353 1209 2482 1260 ergo

1416 1269 1553 1322 diem
1577 1271 1802 1319 natalem
1839 1270 2065 1320 Herodis
2101 1270 2397 1333 observant,
2421 1276 2484 1322 ut

1416 1347 1575 1397 etiam
1596 1347 1851 1396 Sabbata:
1889 1361 1989 1411 quo
2024 1346 2108 1396 die
2131 1347 2365 1395 lucernas
2398 1361 2482 1396 ac-

1417 1437 1617 1484 censas,
1636 1429 1691 1471 et
1708 1422 1855 1470 violis
1879 1427 2150 1471 coronatas
2171 1422 2223 1469 in
2240 1419 2482 1471 fenestris

1420 1506 1638 1563 ponunt.
1680 1499 1786 1548 Vet.
1804 1497 2198 1548 Sca—Herodis
2211 1497 2331 1561 dies]
2355 1497 2483 1547 Per·

1419 1576 1523 1625 sius
1566 1576 1633 1625 de
1674 1575 2045 1639 superstitione
2079 1575 2163 1624 hic
2198 1589 2373 1639 agens,
2395 1589 2482 1624 ex·

1418 1652 1590 1716 empla
1648 1652 1797 1716 ponit
1838 1665 2015 1700 eorum
2061 1650 2339 1710 bominum,
2392 1649 2483 1714 qui

1417 1727 1652 1780 Judaicis
1674 1735 1765 1777 aut
1787 1726 2031 1777 Asiaticis
2068 1733 2123 1776 et
2156 1725 2480 1790 AEgyptiacis

1416 1804 1598 1854 ritibus
1622 1805 1801 1853 Romae
1824 1808 2127 1862 uterentur;
2157 1801 2191 1852 J
2198 1801 2380 1853 udaica
2399 1816 2481 1851 re·

1418 1881 1542 1945 ligio
1597 1883 1775 1931 Romae
1831 1880 2105 1944 peregrina
2155 1878 2483 1940 censebatur,

1416 1957 1536 2006 solis
1562 1956 1761 2008 Judaeis
1792 1957 1973 2006 urbem
2003 1955 2344 2006 incolentibus
2368 1968 2485 2019 per·

1415 2034 1589 2084 missa.
1655 2033 1867 2083 Herodis
1897 2032 2016 2095 dies,
2055 2039 2177 2082 sunt
2211 2031 2321 2081 dies
2355 2045 2482 2097 quos

1417 2109 1548 2159 colit
1563 2109 1782 2174 populus
1814 2109 1903 2174 qui
1926 2108 2127 2159 Herodi
2150 2108 2356 2172 paruit:
2392 2107 2485 2159 Ju-

1418 2184 1519 2234 daei
1553 2199 1757 2249 nempe.
1820 2183 1925 2233 Sed
1966 2190 2188 2248 praestat
2230 2184 2484 2247 interpre-

1418 2262 1519 2313 tari
1563 2263 1630 2312 de
1687 2261 1895 2326 propria
1934 2260 2137 2310 illorum
2182 2258 2483 2309 Judaeorum

1419 2345 1584 2402 secta,
1604 2340 1694 2403 qui
1725 2338 1791 2388 ab
1815 2337 2028 2388 Herode
2053 2351 2254 2398 magno,
2278 2335 2481 2399 pridem

1420 2416 1530 2465 vita
1566 2413 1839 2477 defuncto,
1863 2412 2145 2463 Herodiani
2178 2418 2298 2462 sunt
2331 2411 2481 2475 dicti,

1422 2491 1509 2556 qui
1548 2492 1811 2541 Herodem
1844 2505 1938 2553 pro
1973 2489 2179 2539 Christo
2218 2488 2482 2539 colebant.

1419 2569 1543 2618 Dies
1559 2583 1685 2633 ergo
1722 2566 1953 2629 Herodis,
1994 2560 2235 2630 appellat
2257 2566 2482 2615 natalem

1421 2647 1559 2697 diem
1585 2646 1829 2710 Herodis,
1868 2661 1969 2695 non
2003 2646 2210 2711 quidem
2235 2659 2376 2693 verae
2399 2660 2483 2705 ‘ye-

1421 2721 1605 2786 νέσεως,
1641 2723 1733 2773 sed
1768 2722 1997 2785 suscepti
2033 2721 2175 2786 regni
2214 2720 2352 2784 apud
2390 2720 2485 2772 Ju-

1421 2799 1591 2853 daeos:
1648 2813 1766 2848 nam
1802 2805 1859 2848 et
1897 2798 1972 2847 illi
2011 2798 2121 2847 dies
2161 2797 2483 2846 vocabantur

1419 2877 1638 2925 natales.
1677 2873 2329 2937 c·asaub.-Unctaqae,s·c.]
2368 2873 2482 2922 Mo-

1421 2954 1542 3003 dum
1563 2954 1808 3016 ostendit,
1832 2967 1931 3017 qno
1953 2953 2041 3002 ille
2075 2952 2188 3001 dies
2207 2951 2274 3001 ab
2315 2950 2484 3000 Hero-

1422 3028 1587 3078 dianis
1604 3028 1881 3078 colebatur.
1948 3028 2189 3083 Omnium
2208 3041 2341 3091 pene
2358 3038 2482 3090 gen·

1421 3104 1548 3153 tium
1583 3104 1863 3155 communis
1886 3101 1985 3153 fuit
2019 3102 2167 3165 ritus,
2206 3101 2272 3151 ad
2306 3101 2483 3166 gaudii

1419 3177 1838 3243 significationem
1870 3178 2029 3240 ignem
2062 3180 2336 3228 accendere.-
2383 3191 2484 3228 uec

1419 3255 1584 3305 solnm
1602 3255 1656 3304 in
1675 3254 1879 3318 templis
1899 3254 2090 3304 lumina
2106 3253 2485 3318 accendebant,

1420 3330 1512 3379 sed
1554 3330 1712 3379 etiatn
1735 3330 1871 3379 domi
1910 3329 2127 3395 quisque
2162 3344 2288 3392 suae,
2315 3341 2483 3393 eaque

1410 3404 1586 3470 januis
1609 3421 1669 3457 ac
1691 3405 1933 3456 fenestris
1955 3406 2335 3470 appendebant.
2386 3406 2491 3453 (ζει-Ι

1417 3481 1551 3531 saub-
1599 3478 1804 3549 Tumpb.
1838 3495 1984 3531 xxn.
2020 3486 2098 3532 12.
2169 3483 2324 3530 Unda
2357 3492 2482 3542 ergo
2527 3504 2533 3513 ·

1420 3557 1549 3606 dicit
1570 3558 1637 3606 ob
1660 3559 1850 3615 oleum,
1872 3557 2010 3622 quod
2044 3571 2110 3606 ex
2140 3555 2364 3606 lucernis
2395 3568 2485 3604 ex-

1421 3635 1632 3684 udabat.
1678 3636 1854 3685 Labie.
2154 3650 2158 3653 ’

1490 3715 1579 3759 181
1615 3709 1896 3773 Dispositoe]
1947 3709 2009 3758 In
2041 3707 2272 3758 fenestra
2297 3708 2483 3758 ordine

1419 3786 1625 3849 positae,
1662 3793 1718 3835 et
1748 3778 2345 3849 ordinatum-Pinguem]
2384 3785 2487 3835 Ln-

1419 3876 1533 3911 cem
1554 3874 1673 3911 cnm
1695 3861 1873 3925 pingui
1891 3861 2080 3910 nebula
2098 3869 2186 3910 aut
2203 3860 2345 3912 fumo
2359 3862 2486 3912 emi·

1416 3938 1660 3989 serint.--
1672 3936 1918 4000 Venter-e]
1957 3937 2083 4000 Pro,
2104 3938 2352 3990 Emisere.

1486 4017 1580 4063 182
1613 4014 1884 4075 Por-tontes,
1938 4012 2043 4076 alfa]
2107 4014 2283 4063 Graeci
2324 4014 2484 4077 scrip·

1419 4093 1559 4138 tores
1575 4089 1956 4140 celebrationes
1992 4090 2095 4140 diei
2131 4090 2255 4140 festi
2284 4090 2480 4140 duabus

1420 4164 1635 4216 vocibus
1680 4166 1948 4229 designare
1993 4168 2177 4230 solent,
2220 4166 2342 4229 φασὶ
2402 4162 2483 4214 καὶ

1420 4243 2057 4310 πεφυόμασι,1υωίαἰϋω
2077 4251 2134 4295 et
2153 4256 2481 4294 coronamen-

1332 4324 1473 4377 Pers.
2309 4320 2347 4371 S
