3050 4913
516 343 690 413 1194
1188 361 1576 411 ascensus
1625 360 2052 411 EDITIONUM

763 502 884 573 Qui
910 502 1209 563 ,Iuvenalis
1239 514 1374 564 avet
1402 506 1738 585 perspicere
1766 506 2055 576 fonditus,
2085 506 2265 566 immo

842 599 1149 672 Adfectus,
1176 601 1453 674 animum,
1481 613 1741 682 pectora,
1768 623 1889 675 cor,
1919 603 2174 681 genium,

763 698 937 756 Hunc
968 697 1159 776 legat:
1204 698 1484 776 interpres
1512 721 1631 760 non
1658 711 1768 772 est,
1798 701 1899 760 sed
1929 701 2199 760 carminis
2224 709 2434 762 auctor

842 794 1069 872 Egregii
1099 796 1267 867 vatis,
1300 797 1418 856 vita
1437 798 1538 857 sed
1570 798 1819 876 egregia.

760 890 1034 950 Carmina
1063 910 1178 950 non
1207 902 1463 970 generat,
1491 894 1592 954 sed
1624 893 1812 972 gignit
1836 903 2059 971 aperta,
2090 902 2350 955 serenat.-

849 988 1026 1046 Sensa
1055 1007 1165 1046 nec
1193 1008 1495 1068 exponens
1521 990 1738 1066 lueida,
1769 989 1872 1050 sed
1901 1001 2157 1068 generat,

762 1082 1054 1160 Increpat,
1084 1084 1390 1155 invehitur,
1419 1088 1692 1166 castigat,
1722 1086 1976 1165 corrigit,
2007 1096 2193 1166 urget,

841 1178 1035 1255 Cogit,
1068 1181 1365 1252 sollicitat,
1385 1183 1584 1251 ducit,
1609 1184 1749 1263 agit,
1778 1183 2052 1253 stimulat,
2153 1204 2156 1219 ¹

758 1273 940 1335 Prosa
970 1276 1128 1337 canit
1155 1279 1301 1338 vatis
1330 1290 1626 1340 concentu
1648 1280 1901 1341 dulciter
1930 1278 2131 1356 hujus,

847 1370 1186 1433 Concentus
1208 1394 1381 1452 prosa
1409 1376 1666 1436 solvitur·
1683 1387 1744 1435 et
1769 1375 2049 1453 loquitur.

766 1465 1039 1545 Denique
1068 1480 1207 1530 sunt
1234 1490 1382 1531 unus
1412 1473 1521 1532 sub
1551 1482 1683 1532 vate
1712 1473 2081 1533 Britannicus
2110 1471 2236 1550 ipse
2264 1479 2356 1531 est

847 1564 1147 1625 collectus
1175 1568 1428 1627 numeris
1457 1570 1692 1629 clausus
1720 1578 1782 1630 et
1804 1568 2065 1649 exiguis:

700 1670 705 1675 ·
765 1660 892 1717 Sub
922 1680 984 1720 se
1011 1662 1292 1723 collectus
1319 1674 1481 1725 vates
1509 1675 1786 1725 extensus
1814 1665 1872 1724 in
1901 1665 2003 1725 illo
2028 1671 2141 1734 est,

848 1756 967 1825 Qui
996 1758 1132 1834 legit
1160 1761 1319 1819 hunc
1349 1762 1541 1839 igitur,
1570 1773 1775 1822 cautus
1799 1774 2112 1840 utrumque
2132 1760 2292 1839 legit.

607 1848 704 1910 ef.
734 1848 810 1910 de
841 1851 953 1911 hac
979 1855 1121 1914 edit.
1146 1856 1220 1914 ad
1254 1857 1532 1920 Brixieus.
1566 1873 1643 1917 11.
1675 1877 1730 1916 a.
1757 1856 1931 1919 1486.
1957 1869 2017 1919 et
2044 1861 2256 1918 Venet.
2292 1863 2464 1927 1499.

1547 1961 1722 2013 1502.

606 2045 639 2077 ⁸
666 2044 697 2075 *
724 2042 1040 2122 Lipsiensis
1069 2063 1145 2106 11.
1175 2052 1255 2121 (11.
1285 2052 1409 2123 58.)
1447 2049 1750 2131 Juvenal&
1779 2050 2038 2130 Satyroe,
2071 2046 2472 2129 Lipsioe-fol,
2504 2054 2683 2108 1502.

610 2137 677 2196 111
706 2137 819 2198 fine
848 2139 1092 2218 legitur:
1140 2153 1156 2178 ‘
1179 2145 1401 2218 Habes,
1451 2158 1644 2210 amate
1690 2150 1924 2221 Lector,
1975 2158 2204 2208 textum
2244 2144 2406 2207 Junii
2429 2142 2732 2204 juvenalis

524 2233 860 2310 Aquinatis,
916 2239 1257 2318 satyrarum
1287 2244 1599 2322 ,scriptoris
1645 2244 2001 2323 lepidissimi,
2039 2245 2254 2304 iterum
2289 2252 2474 2320 atque
2512 2241 2730 2300 iterum

530 2329 671 2388 satis
700 2331 989 2396 laboriose
1038 2332 1433 2413 ernendatum,
1476 2343 1753 2422 vigilique
1800 2344 2098 2423 diligentia
2126 2340 2448 2401 Baccalarii
2487 2338 2730 2397 Martini

531 2426 998 2507 Herbipolensi8‚
1062 2436 1377 2514 Lipziensis
1426 2441 1584 2513 civis,
1631 2441 1855 2502 ibidem
1889 2463 1925 2502 a
1945 2493 1950 2498 ,
1968 2462 2123 2501 novo
2170 2459 2455 2519 pressum.
2551 2439 2728 2496 Anno

529 2523 840 2586 dominice
859 2529 1276 2594 incarnationis
1309 2537 1622 2598 Miilesimo
1643 2541 2104 2619 quingentesimo
2132 2537 2419 2598 secundo.
2503 2534 2731 2604 Quinto

534 2618 833 2685 Kalendas
877 2630 1085 2688 mensis
1130 2634 1383 2710 Augusti
1438 2635 1689 2696 finitum.
1774 2638 1835 2696 Si
1876 2637 2019 2716 quid
2069 2648 2264 2697 tamen
2306 2632 2430 2694 vitii
2472 2632 2731 2691 humano

529 2735 720 2778 errore
747 2721 1058 2784 admissum
1087 2726 1281 2800 fuerit,
1312 2751 1445 2790 cum
1496 2733 1887 2796 benivolentia
1933 2734 2123 2795 radito
2150 2743 2329 2811 atque
2355 2730 2507 2790 inter
2532 2729 2732 2807 legen-

530 2813 670 2873 dum
701 2818 1008 2897 castigato.
1094 2823 1227 2882 Non
1247 2826 1397 2888 enim
1427 2829 1621 2888 omnia
1638 2849 1949 2908 possumus
1976 2833 2220 2891 omnes!

617 2909 747 2970 Vid.
778 2913 852 2972 ad
887 2916 1245 2994 Lipsiensem
1281 2937 1328 2980 1.
1356 2941 1411 2983 a.
1445 2933 1621 2994 1497.

1542 3031 1568 3080 1
1701 3066 1717 3083 .

614 3105 925 3168 Brixiensis
982 3128 1074 3172 lv,
1162 3114 1412 3176 Persius
1465 3126 1524 3178 et
1577 3030 1879 3182 ῧῖῗεηαὶὺ
1921 3137 2051 3181 cum
2104 3137 2300 3178 comm.
2359 3115 2729 3187 Britannici,

536 3202 935 3265 Brixiae-401.
974 3215 1146 3267 1503.

615 3301 980 3362 Memoratur
1005 3304 1063 3364 in
1092 3306 1187 3365 ed.
1221 3306 1460 3385 Bipont.
1504 3329 1539 3369 e
1565 3311 1756 3371 Catal.
1799 3311 2085 3371 Biblioth.
2116 3307 2551 3387 Ludewigianae
2594 3306 2732 3366 Hal.

534 3395 603 3456 Ρ.
635 3412 727 3457 1v.
755 3417 816 3475 p.
855 3406 1029 3468 1457.
1075 3420 1135 3460 11.
1172 3401 1390 3465 12604.
1417 3413 1478 3464 et
1509 3406 1741 3466 Fabric.
1785 3408 1938 3468 Bibl.
1969 3409 2100 3468 Lat.
2130 3405 2244 3466 Ed.
2282 3414 2457 3474 1721.
2481 3405 2616 3463 vol.
2646 3419 2731 3464 11.
2822 3456 2826 3458 ,

531 3511 593 3569 p.
625 3501 763 3562 733.
848 3496 919 3552 111
936 3506 1151 3556 recent.
1178 3498 1320 3559 edit.
1353 3500 1530 3579 hujus
1558 3502 1710 3563 Bibl.
1739 3505 1870 3564 Lat.
1899 3505 2058 3564 nulla
2075 3503 2205 3581 ejus
2232 3500 2302 3562 fit
2329 3500 2566 3563 mentio.

1553 3607 1723 3662 1504.

612 3683 643 3714 ⁴³
673 3684 704 3715 ⁴⁸
735 3686 1047 3766 Lipsiensis
1075 3708 1186 3752 111.
1224 3699 1309 3770 (n.
1339 3698 1467 3770 58.)
1505 3697 1817 3759 Jumalie
1837 3697 2093 3777 Satyra,
2117 3694 2521 3776 Lipsiae—fol.
2556 3699 2734 3753 1504.

616 3779 683 3838 111
715 3780 829 3840 fine
858 3786 1063 3846 eadem
1088 3790 1375 3866 leguntur,
1414 3793 1626 3872 quaein
1658 3795 1945 3873 Lipsieusi
1977 3811 2056 3854 11.
2086 3813 2141 3853 a.
2180 3791 2541 3869 1502.cnjus
2573 3809 2734 3849 mera

535 3876 808 3953 repetitio
848 3891 957 3938 est.
1042 3885 1197 3942 Anni
1239 3896 1464 3946 tantum
1506 3900 1567 3948 et
1604 3890 1720 3949 diei
1771 3904 1912 3950 uota
1953 3892 2038 3952 sic
2080 3902 2305 3950 mutata
2343 3900 2464 3949 est:
2518 3890 2738 3946 ‘Anno

536 3969 842 4030 dominicae
871 3974 1281 4038 incarnationis
1312 3983 1635 4043 Millesimo
1664 3987 2127 4066 quingentesimo
2155 3997 2387 4066 quarto.
2470 3984 2739 4061 Septimo

537 4068 687 4146 ydus
714 4069 925 4129 mensis
950 4075 1201 4150 Augusti
1233 4075 1503 4139 finitum.'
1584 4081 1652 4139 ln
1704 4086 1894 4146 Calai.
1947 4086 2098 4145 Bibl.
2148 4082 2506 4145 Uffenbach.
2544 4080 2623 4138 T.
2656 4095 2737 4138 11.

537 4167 703 4244 App.
734 4165 1022 4228 Incunab.
1053 4181 1163 4231 art.
1193 4181 1429 4254 typogr.
1457 4197 1521 4237 11.
1552 4187 1695 4251 227.
1720 4199 1782 4262 p.
1812 4189 1911 4253 79.
1947 4181 2225 4242 laudatur
2248 4180 2424 4257 hujus
2458 4176 2602 4237 edit.
2627 4195 2760 4264 cx*-
