3050 4913
1158 388 1608 472 Juvnu'Ams.
2319 408 2492 477 1181

279 563 510 625 omnino
538 582 674 623 esse
700 562 924 641 aliqua'
947 562 1154 641 (immo
1178 563 1450 643 plurima)
1490 573 1509 598 ⁸
1532 566 1589 624 iu
1616 563 1746 641 ejus
1773 563 2029 644 scriptis,
2061 583 2192 645 quae
2221 568 2498 647 praecipi·

279 671 394 723 tata
419 662 625 740 potius
674 661 858 720 videri
884 662 1133 740 possint,
1182 682 1358 740 quam
1386 663 1583 722 edita:
1640 663 1742 722 sed
1787 662 2043 723 simultas
2070 673 2129 724 et
2169 666 2488 738 aemulatio,

283 758 395 817 dno
421 778 592 816 acres
623 758 867 826 stimuli,
916 758 1077 817 illum
1116 757 1190 817 ad
1219 779 1442 829 eorum,
1489 780 1623 838 quae
1660 761 2080 831 scribebantur,
2122 764 2489 824 immaturam

288 855 693 934 compulerunt
742 854 1104 915 editionem:
1183 858 1460 917 Ceterum
1514 877 1631 917 non
1673 857 2129 918 dissimilandum
2177 870 2285 931 est,
2330 880 2491 920 com-

288 952 589 1010 mentarios
648 952 895 1011 Domitii
945 952 1116 1030 longe
1169 963 1448 1030 praestare
1503 954 1594 1023 iia,
1653 972 1804 1031 quos
1861 955 2112 1015 Sabinus
2161 957 2486 1035 scripserit:

289 1047 435 1107 unde
464 1058 529 1107 et
557 1049 620 1106 hi
649 1046 754 1105 vix‘
773 1057 876 1107 aut
903 1067 977 1107 ne
1005 1049 1099 1107 vix
1128 1049 1389 1126 quidem,
1419 1049 1502 1108 illi
1531 1069 1667 1108 vero
1697 1070 1833 1110 mox
1862 1051 2031 1111 variis
2060 1052 2225 1124 locis,
2258 1054 2490 1127 Brixiae,

286 1144 540 1204 venetiis
569 1153 631 1202 et
661 1143 962 1215 vicentiae,
994 1146 1183 1205 reensi
1202 1155 1367 1216 aunt,
1398 1146 1772 1224 maximoque
1799 1146 2043 1207 eruditae
2068 1148 2251 1209 Italiae
2279 1151 2492 1228 plausu

287 1243 541 1319 excepti.
627 1240 856 1320 Saepius
903 1262 1142 1321 quoque
1186 1242 1479 1302 Domitius
1527 1251 1806 1322 corrupta
1854 1252 2049 1304 textus
2088 1246 2343 1307 lectione
2390 1249 2494 1309 de·

290 1349 493 1418 ceptus
522 1338 600 1398 ad
629 1339 883 1417 argutias
913 1338 1149 1398 demum
1175 1338 1452 1417 delapsus
1479 1348 1588 1398 est.
2127 1321 2144 1337 ⁸

1200 1453 1205 1458 ’
1313 1443 1486 1506 1475.

372 1534 639 1595 Domitii
685 1532 1507 1593 Calda-ini--L'ammentaria
1552 1537 1617 1596 in
1657 1534 2294 1609 Juvenalem—Brixiae
2332 1541 2496 1618 typis

294 1630 541 1691 Hau-ici
569 1630 642 1690 dc
673 1629 1043 1695 Colonia—f.
1082 1639 1254 1698 1475.

370 1726 464 1787 ef.
493 1745 629 1804 sup.
657 1725 734 1787 ad
762 1744 816 1785 a.
851 1733 1025 1793 1474.
1054 1735 1116 1785 et
1142 1726 1475 1786 Nachricht
1517 1746 1630 1785 von
1660 1726 1774 1785 den
1805 1728 2073 1788 Biiehern
2112 1730 2169 1789 in
2197 1729 2303 1789 der
2343 1732 2499 1790 Stol-

292 1823 510 1896 lisehen
567 1822 721 1882 Bibl.
766 1822 843 1883 T.
904 1837 949 1882 1.
1001 1841 1063 1901 p.
1122 1830 1225 1883 35.
1267 1827 1315 1896 §.
1374 1822 1483 1881 lv·=
1540 1824 1820 1882 Servatur
1871 1823 2045 1883 etiam
2100 1826 2159 1884 in
2217 1827 2495 1885 Biblioth.

294 1920 665 1998 Norimberg.

375 2019 672 2077 ‘Veneta
731 2033 807 2077 11.
850 2016 934 2094 (in
985 2019 1121 2078 Var.
1169 2018 1336 2077 Lect.
1388 2035 1447 2075 n.
1497 2013 1595 2076 46
1601 2018 1624 2089 )
1665 2015 1971 2077 Juvenal&
2015 2035 2144 2077 cum
2197 2028 2498 2081 comment.

296 2118 470 2177 Dm.
516 2113 826 2175 Calda-ini
862 2118 1007 2188 (non
1047 2115 1161 2174 Ge.
1192 2113 1458 2183 Merulae,
1505 2111 1668 2190 quod
1710 2113 1872 2172 Socii
1899 2114 2197 2191 Bipontini
2238 2117 2505 2189 tradunt)

292 2212 552 2274 venetiis
559 2211 744 2270 -fol.
782 2220 956 2280 1475.

350 2312 439 2369 In
491 2308 612 2369 fine
662 2308 794 2367 haec
844 2307 1147 2385 leguntur:
1206 2305 1405 2366 ‘Junii
1450 2306 1747 2365 ,luvenalis
1797 2305 2111 2383 Aquinatis
2159 2247 2500 2385 satyrarum

293 2406 453 2468 Libri
495 2404 771 2485 Impressi
802 2402 1066 2464 venetiis
1108 2400 1560 2482 Diligentissime
1598 2406 1740 2463 Arte
1781 2412 1839 2463 et
1885 2403 2128 2481 Ingenio
2167 2404 2377 2464 Jacobi
2407 2405 2499 2476 Ue

292 2502 517 2562 Rubeis
542 2502 804 2560 Natione
834 2499 1050 2561 Gallici
1071 2514 1229 2558 vt11.
1252 2500 1381 2558 KL.
1404 2499 1596 2558 Maias
1618 2502 1794 2558 Anno
1816 2500 2032 2559 Christi
2063 2516 2500 2562 mccccmrxv.

291 2598 691 2658 laviotissimo
732 2607 792 2656 et
833 2597 1066 2675 Inclyto
1099 2596 1266 2655 Duce
1309 2597 1478 2654 Petro
1508 2596 2172 2655 Mocenico.--Domitii
2210 2596 2505 2656 Calderini

290 2694 643 2754 Veronensis
682 2693 991 2754 secretarii
1028 2692 1355 2772 Apostolici
1383 2692 1809 2752 Commentarii
1850 2692 1907 2750 in
1937 2693 2171 2771 Satyros
2206 2692 2502 2751 Juvenalis

294 2793 365 2851 ad
393 2791 801 2853 Clarissimum
845 2791 1043 2849 Virum
1073 2792 1105 2851 J
1115 2790 1376 2849 ulianum
1420 2789 1696 2848 Medicen
1729 2790 2024 2850 Laurentii
2067 2791 2322 2849 Fratrem
2350 2789 2505 2848 Petri

295 2888 496 2947 Cosmi
524 2887 740 2947 Filium
787 2887 1177 2948 Florentinum
1209 2887 1368 2947 Editi
1410 2888 1616 2946 Romae
1644 2907 1824 2964 quum
1869 2887 1948 2945 ibi
1992 2886 2232 2965 publice
2267 2884 2506 2965 profite-

298 2993 453 3044 retur
491 2985 570 3044 K.
602 2982 968 3061 Septembris
1010 2982 1499 3042 mccchxxlv!
1579 2981 1905 3060 Epistolam
1936 2981 2010 3040 ad
2053 2981 2347 3041 Julianum
2380 2981 2508 3040 Me·

299 3081 467 3140 dicen
494 3081 718 3158 excipit
745 3080 863 3138 vita
888 3081 922 3139 J
928 3079 1209 3149 uvenalis,
1239 3098 1372 3156 quae
1400 3078 1578 3156 vulgo
1607 3078 1882 3137 tribuitur
1907 3078 2206 3147 Suetonio,
2238 3087 2298 3136 et
2326 3079 2504 3137 Com-

301 3176 618 3237 mennrioa
657 3176 950 3252 Defensio
991 3173 1268 3235 adven-m
1314 3175 1645 3237 Brotlteum
1696 3173 2157 3234 Grammaticum
2192 3175 2508 3234 calumnia-

303 3282 482 3333 torem
513 3273 1073 3333 Commentariorum
1103 3270 1422 3331 Martialis
1450 3290 1577 3334 cum
1605 3273 2097 3330 recrimiualione.

379 3370 526 3429 Haec
568 3379 658 3429 est
703 3369 890 3446 prima
931 3369 1108 3427 editio
1134 3354 1432 3428 juvenalis
1474 3387 1607 3429 cum
1638 3368 1871 3426 Comm.
1904 3366 2147 3426 Domitii
2189 3366 2506 3438 Calderini,

306 3488 375 3527 ex
401 3486 519 3545 qua
550 3462 710 3525 haud
740 3465 919 3525 dubie
938 3473 1281 3544 propagatae
1303 3473 1441 3524 sunt
1469 3464 1712 3522 Venetae
1747 3472 1920 3526 1482.
1945 3463 2097 3522 binae
2133 3470 2303 3523 1483.
2332 3470 2508 3524 1485.

313 3573 485 3631 1487.
515 3575 579 3624 et
627 3562 901 3620 Vincent.
936 3571 1111 3623 1480.
1142 3582 1276 3641 quae
1320 3570 1381 3620 et
1418 3570 1634 3638 praeter
1680 3569 1900 3619 textum
1940 3559 2146 3619 eadem
2187 3558 2507 3631 continent,

310 3661 409 3720 sed
459 3661 519 3719 iu
571 3668 735 3719 textu
787 3668 981 3717 tamen
1030 3659 1241 3736 passim
1288 3659 1364 3720 ab
1420 3658 1536 3729 illa,
1593 3667 1653 3717 et
1702 3656 1942 3735 quidem
1992 3655 2120 3715 aliae
2171 3654 2299 3714 aliis
2347 3655 2512 3726 lucia,

313 3757 661 3836 discrepant,
692 3755 856 3834 quod
885 3776 958 3815 ex
988 3757 1122 3816 Var.
1153 3757 1316 3816 Lect.
1346 3755 1589 3834 intelligi
1614 3763 1830 3831 potest.

1326 3866 1373 3914 l
1361 3861 1429 3922 4?
1438 3851 1500 3913 6.

378 3949 850 4012 mediolanensis
895 3964 973 4008 11.
1016 3947 1322 4009 ..Iuvenalis
1375 3957 1428 4009 et
1476 3949 1680 4009 Persii
1723 3944 2367 4026 Satyrou—Mediolani
2409 3965 2515 4024 per

324 4048 629 4110 Antonium
661 4049 940 4108 Zarotum
970 4046 1520 4110 parmensem—fol,
1553 4045 1726 4114 1476.

394 4144 497 4206 Est
537 4145 792 4224 repetita
834 4143 1015 4205 editio
1057 4164 1113 4205 a.
1162 4153 1338 4211 1474.
1379 4164 1510 4223 quae
1555 4145 1614 4203 in
1656 4143 1928 4222 catalogo
1967 4141 2288 4202 editionum
2332 4135 2517 4198 Persii
