3050 4913
507 348 639 415 170

1268 361 1343 407 A.
1393 359 1645 407 Pssnsu
1696 358 1960 409 FLAcm

508 508 659 573 Nec
688 506 996 572 rhombos
1026 503 1177 569 ideo
1204 502 1460 569 libertis
1487 522 1736 588 ponere
1761 504 2010 583 lautus,

508 609 658 673 Nec
685 614 945 683 tenuem
974 608 1185 672 solers
1218 606 1552 672 turdarum
1579 626 1779 671 nosse
1809 608 2107 672 salivam.

508 709 739 775 Messe
771 717 957 774 tenus
990 711 1261 794 propria
1288 710 1474 788 vive;
1520 714 1588 772 et
1617 710 1939 790 granaria,
1968 709 2070 773 fas
2097 714 2219 786 est,

509 813 764 878 Emole.

510 980 723 1031 rhombos
760 980 962 1044 libertis,
992 996 1137 1045 neque
1169 982 1354 1045 peritas
1387 980 1665 1043 «lignamen
1696 980 1915 1029 subtilem
1947 980 2193 1028 tar-daran

2633 706 2719 774 25

857 811 1038 891 Quid
1062 814 1369 878 metuas?
1419 809 1634 889 Ocea,
1664 817 1732 876 et
1758 831 1946 896 seges
1977 812 2182 876 altera
2208 811 2279 874 in
2304 808 2512 875 herba
2541 817 2666 875 est.

2438 1014 2451 1027 .
2530 977 2721 1028 Venere

514 1062 655 1111 mque
690 1047 753 1096 ad
789 1052 919 1096 tuum
956 1061 1170 1109 meum,
1193 1052 1239 1095 et
1263 1048 1377 1095 mole
1404 1047 1592 1107 limen,
1631 1044 1757 1095 licet.
1827 1045 1962 1100 Quid
1993 1039 2194 1093 timeas?
2243 1043 2418 1093 Geeem
2449 1043 2720 1093 comanitae.

1417 1196 1777 1219 OOOOOOOO‘OOO

517 1326 706 1381 C.-—24
739 1336 902 1380 tenus
935 1331 1110 1381 salinas
1140 1330 1244 1381 Ms.
1270 1330 1387 1381 Gal.
1424 1338 1479 1382 et
1507 1330 1569 1383 C.
1592 1332 1836 1382 tardor-um
1857 1331 1998 1380 Edit.
2034 1328 2219 1393 Steph.
2255 1334 2417 1378 tenues
2455 1326 2546 1376 ⁸01.
2587 1327 2723 1375 turd-

514 1441 612 1475 nos.
646 1408 840 1458 “W‘'
853 1426 979 1492 (sic)
1001 1428 1103 1478 Ms.
1127 1428 1325 1478 R.-2a
1358 1425 1571 1479 metuis?
1603 1445 1696 1478 occ.
1722 1444 1780 1478 en
1802 1428 1862 1477 C.

645 1459 820 1508 :atim

1517 1590 1729 1641 NOTAE

514 1683 873 1747 patrimonium
897 1686 947 1735 in
972 1687 1132 1737 malos
1152 1687 1307 1736 ctiam
1330 1702 1466 1737 usus.

580 1759 808 1823 Peragit]
863 1759 928 1811 Id
973 1766 1069 1825 est,
1114 1762 1342 1828 conficit,
1378 1764 1583 1827 atterit,

516 1836 795 1901 disperdit.

588 1915 713 1964 Utar
753 1929 859 1977 ego,
896 1913 1031 1976 utar]
1082 1915 1194 1978 Ego
1237 1916 1447 1967 Persius
1483 1930 1581 1968 nec

515 1987 782 2040 effundere
807 1990 956 2039 velim
991 1992 1125 2040 male
1168 1992 1302 2044 bona
1331 2009 1462 2055 mea,
1486 2009 1583 2044 uec

511 2064 722 2115 sordide
746 2066 809 2114 iis
834 2081 1078 2129 parcere:
1122 2068 1215 2117 sed
1241 2077 1358 2118 utar
1381 2070 1441 2119 iis
1465 2085 1582 2134 quae

516 2141 633 2190 usui
670 2148 870 2191 tantum
910 2157 1025 2193 esse
1060 2150 1380 2204 consecrata,
1404 2145 1582 2195 Graeci

518 2217 731 2280 proprio
755 2218 958 2267 nomine
996 2217 1221 2281 χρήματα
1254 2221 1584 2285 appellando,

519 2291 653 2341 bene
688 2291 961 2342 admodum
997 2296 1296 2346 ostendunt.
1365 2297 1585 2347 Sanctus

516 2366 742 2432 August.
766 2384 1005 2433 maguum
1038 2371 1088 2420 iu
1113 2386 1175 2421 eo
1198 2374 1383 2422 malum
1410 2373 1586 2437 docet,

518 2443 561 2494 si
605 2448 741 2495 utare
774 2443 1014 2509 fruendis,
1047 2453 1129 2496 aut
1153 2448 1346 2510 fruaris
1381 2451 1587 2502 utendis.

520 2515 711 2576 Horat.
752 2524 923 2587 Epist.
968 2537 1033 2573 u.
1071 2529 1118 2574 2.
1169 2527 1184 2553 ‘
1223 2527 1377 2588 Utar,
1417 2533 1472 2576 et
1519 2542 1586 2576 ex

515 2596 740 2659 modico,
769 2605 1018 2662 quantum
1057 2614 1137 2648 res
1164 2608 1363 2665 poscet,
1397 2616 1587 2652 acervo

519 2667 758 2723 Tollam.'

582 2752 646 2796 23
697 2749 800 2797 Nec
841 2748 1053 2799 rhombos
1094 2749 1220 2813 ideo]
1270 2750 1443 2801 Nolim
1472 2766 1586 2801 esse

519 2822 649 2872 adeo
672 2824 726 2872 in
744 2839 924 2873 mensa
943 2825 1259 2889 splendidus,
1274 2832 1334 2875 ut
1357 2827 1587 2876 libertini

521 2898 726 2962 generis
747 2899 1058 2964 hominibus,
1094 2901 1252 2950 servis
1292 2902 1342 2950 in
1379 2901 1589 2952 liberta-

520 2979 627 3022 tem
645 2974 865 3036 assertis,
878 2974 1057 3023 aliisve
1079 2972 1269 3024 infimae
1293 2976 1466 3038 sortis,
1484 2976 1591 3043 opi-

518 3061 647 3112 para
670 3055 863 3099 struam
886 3051 1141 3100 convivia.

587 3124 842 3190 Ιῖὴοηιῠω]
873 3127 1008 3177 Sunt
1041 3128 1212 3191 pisces
1243 3128 1484 3194 exquisiti
1508 3145 1587 3179 sa·

522 3201 662 3325 soris
684 3208 739 3251 et
762 3202 932 3267 magni
967 3204 1105 3268 apud
1128 3204 1384 3254 Romanos
1405 3206 1586 3269 pretii:

561 3276 653 3326 icti
678 3292 707 3326 a
730 3278 949 3327 rotunda
972 3280 1117 3343 quasi
1142 3278 1344 3343 figura3
1396 3281 1593 3330 habeut

522 3353 659 3402 esim
682 3352 921 3403 dextrum
956 3356 1088 3404 latus
1125 3354 1499 3418 resupinatum,
1535 3362 1595 3418 ut

523 3428 597 3477 ait
621 3428 760 3478 Pliu.
783 3442 868 3478 ix.
891 3433 972 3480 20.
1040 3430 1175 3481 Vide
1199 3430 1442 3483 Juvenal.
1476 3433 1591 3484 Sat.

521 3517 602 3556 xv.
628 3522 703 3555 vs.
730 3509 811 3557 39.
835 3514 892 3557 et
917 3507 1025 3556 Sat.
1052 3520 1134 3557 xx.
1162 3523 1236 3557 vs.
1263 3511 1377 3558 121.
1412 3509 1589 3574 ibique

522 3577 789 3632 annotata.
835 3583 1024 3634 Horat.
1070 3585 1177 3634 Sat.
1224 3598 1266 3634 1.
1311 3588 1361 3635 2.
1411 3586 1426 3611 ‘
1451 3586 1591 3636 Num

524 3657 754 3707 esuriens
777 3655 978 3707 fastidis
1000 3658 1189 3724 omnia,
1211 3666 1403 3723 praeter
1427 3661 1592 3711 Pavo-

522 3734 641 3781 nem
677 3731 1043 3799 rhombumque
1059 3735 1094 3784 ?'
1162 3737 1233 3785 Et
1274 3737 1387 3786 Sat.
1435 3751 1497 3787 n.
1545 3741 1595 3788 2.

527 3809 545 3836 ‘
568 3808 739 3860 Quid?
787 3817 895 3859 tum
935 3811 1172 3861 rhombos
1210 3813 1377 3862 miuus
1416 3829 1595 3880 equor

528 3884 731 3935 alebat?
771 3887 941 3936 Tutus
962 3896 1079 3939 erat
1102 3889 1377 3940 rhombus!

542 4015 550 4021 ,
592 3963 657 4009 24
694 3960 797 4009 Nec
817 3965 1002 4012 tenuem
1021 3965 1165 4013 solers
1190 3967 1436 4016 cardonam
1466 3982 1599 4018 nosse

524 4035 745 4100 salivam]
804 4037 982 4109 Nolim
1020 4054 1227 4105 quoque
1268 4042 1427 4106 palati
1481 4056 1597 4093 esse

527 4130 686 4181 snpra
722 4115 929 4165 modum
970 4115 1196 4182 delicati,
1218 4125 1278 4167 ut
1300 4118 1592 4171 discernam

532 4193 798 4248 turdorum
821 4206 1081 4259 saporem,
1103 4193 1405 4261 dignoscens
1422 4210 1593 4248 mares

1662 1703 1693 1737 a
1715 1686 1955 1748 staminis,
1979 1686 2259 1749 sylvestres
2280 1682 2348 1732 ab
2386 1683 2449 1731 iis
2481 1680 2570 1746 qui
2607 1688 2728 1732 sunt

1662 1764 1713 1813 in
1751 1762 1947 1812 avias-io
1986 1760 2216 1821 educati,
2255 1758 2543 1809 cellariosa
2567 1766 2728 1807 terra·

1663 1840 1766 1899 riis,
1805 1847 1978 1902 pastos
2007 1837 2253 1901 junipero
2290 1836 2355 1885 ab
2393 1835 2535 1884 aliis:
2589 1834 2728 1899 quod

1663 1923 1849 1965 norunt
1880 1916 1895 1942 ⁴
1922 1913 2129 1979 quidam
2172 1913 2306 1975 gula!
2346 1910 2530 1974 dediti,
2566 1918 2728 1960 tante

1664 1989 1968 2040 subtilitatis
1991 1990 2220 2053 palatum
2242 1988 2514 2049 habentes,
2537 1994 2600 2036 ut
2620 1986 2731 2049 dig·

1663 2072 1877 2115 noscant
1908 2062 2123 2113 turdos!
2189 2062 2354 2113 Vetas
2395 2063 2729 2122 scholiastes:

1665 2143 1751 2208 qui
1788 2150 1843 2191 et
1876 2141 2044 2190 addit:
2092 2142 2107 2169 ‘
2137 2138 2407 2189 turdarum
2434 2138 2575 2189 dixit
2612 2139 2735 2187 abu·

1664 2221 1790 2282 sive,
1835 2233 1947 2283 pro,
1989 2216 2300 2268 turdorum?
2357 2217 2433 2267 Ut
2482 2216 2732 2267 Horatius

1665 2295 1846 2360 ponit:
1899 2297 1914 2324 ‘
1952 2295 2099 2344 Pene
2145 2308 2360 2358 macros,
2414 2293 2561 2355 arsit,
2613 2294 2732 2342 dnm

1667 2375 1849 2425 turdos
1890 2381 2065 2423 versat
2098 2373 2151 2421 in
2188 2372 2332 2436 igni!
2404 2372 2558 2423 Turdi
2596 2372 2732 2421 inter

1666 2451 1902 2502 volatilia
1957 2448 2308 2500 celebrantur.
2372 2447 2512 2498 Pliu.
2558 2461 2614 2498 x.
2652 2450 2732 2498 24.

1667 2526 1949 2578 Athenaeus
1980 2540 2043 2576 11.
2084 2529 2168 2575 2⁴.
2213 2540 2278 2574 ex
2317 2524 2602 2574 Aristotele
2637 2524 2734 2572 tria

1668 2609 1908 2653 recenset
1961 2602 2224 2652 turdorum
2282 2615 2493 2664 genera.
2548 2600 2732 2650 Horat.

1671 2679 1841 2743 Epist.
1900 2692 1941 2728 1.
1993 2684 2073 2727 15.
2140 2680 2156 2705 ‘
2194 2677 2371 2727 Obeso
2423 2677 2500 2726 nil
2557 2677 2735 2725 melius

1669 2755 1860 2804 turdo!
1909 2754 2140 2804 Martial.
2164 2753 2316 2816 Epig.
2349 2765 2475 2801 xm.
2494 2757 2577 2802 92.
2610 2753 2626 2780 ‘
2650 2752 2736 2802 In·

1669 2837 1751 2880 ter
1792 2844 1912 2880 aves
1959 2829 2157 2893 turdus,
2200 2829 2243 2877 ai
2279 2828 2399 2893 quis
2433 2842 2517 2878 me
2554 2829 2733 2893 judice

1669 2913 1839 2957 certet
1870 2923 1882 2954 :
1952 2905 2101 2955 Inter
2156 2903 2516 2969 quadrupedes
2573 2904 2734 2968 gloria

1671 2982 1833 3045 prima
1857 2979 2041 3045 lepus.’

1735 3055 1968 3121 Salicum]
2000 3055 2134 3107 Quia
2176 3069 2329 3120 sapor
2362 3055 2577 3104 salivam
2615 3055 2736 3118 ciet,

1668 3133 1788 3182 binc
1809 3147 1904 3196 pro
1929 3146 2112 3196 sapore
2135 3132 2300 3181 saliva
2327 3131 2559 3196 ponitur.
2627 3133 2733 3181 Do·

1671 3213 1791 3259 cent
1813 3210 1978 3258 Varro
1999 3209 2034 3258 l.
2058 3222 2180 3259 vm.
2200 3208 2266 3257 de
2291 3209 2441 3271 Ling.
2460 3208 2576 3258 Lat.
2599 3208 2735 3258 Plin.

1672 3285 1708 3334 1.
1740 3297 1909 3334 xxm.
1937 3283 2180 3348 Propert.
2204 3283 2353 3346 Eleg.
2379 3296 2455 3331 iv.
2479 3286 2530 3332 9.

1736 3365 1798 3410 25
1837 3361 1994 3409 Messe
2023 3366 2159 3409 tenus
2175 3361 2372 3423 propria
2391 3357 2519 3421 eice]
2568 3358 2738 3411 Quaa-

1675 3444 1785 3488 tum
1826 3450 1891 3484 ex
1926 3436 2066 3500 agris
2106 3449 2210 3486 uno
2233 3450 2366 3484 auno
2386 3435 2603 3499 colligis,
2637 3444 2742 3485 tan-

1676 3512 1902 3563 tamdem
1927 3510 2170 3575 impende
2195 3511 2291 3561 tibi
2310 3517 2366 3560 et
2389 3512 2504 3561 aliis
2527 3527 2541 3561 t
2594 3511 2739 3561 nibil·

1672 3603 1771 3652 que
1798 3601 2004 3636 reserva
2026 3587 2079 3636 in
2105 3594 2408 3652 sequentem
2433 3601 2639 3637 aunum.

1742 3665 1985 3714 Οναιατία
2006 3663 2171 3727 emole]
2210 3665 2389 3715 Grana
2410 3662 2600 3727 prioris
2621 3665 2742 3714 anni

1674 3742 1835 3791 mole:
1892 3749 2058 3804 utere,
2083 3748 2329 3807 quantum
2355 3741 2482 3790 satis
2516 3741 2615 3791 erit
2649 3740 2743 3790 tibi

1677 3832 1737 3867 ac
1772 3813 1984 3868 familiae
2022 3823 2157 3877 tuae3
2205 3816 2458 3880 reliquum
2483 3829 2612 3865 vero
2648 3817 2745 3865 lar-

1678 3894 1788 3957 gire
1830 3892 2199 3957 indigentibus.
2268 3892 2368 3943 Fas
2402 3896 2508 3942 est.-
2542 3907 2744 3957 aequum

1679 3978 1762 4019 est
1792 3976 1847 4022 et
1868 3969 2024 4019 decet
2047 3968 2120 4019 sic
2141 3976 2199 4041 ‘te
2223 3981 2379 4030 agere
2412 3966 2607 4019 divinas
2627 3982 2747 4033 pro·

1680 4044 1924 4094 videntia}
1946 4042 2313 4094 confidentem.

1739 4125 1804 4172 26
1872 4120 2004 4176 Quid
2056 4118 2257 4182 metuas]
2330 4116 2418 4168 Au
2474 4116 2744 4174 dubitabis

1674 4199 1836 4249 horna
1857 4211 2022 4248 messe
2056 4196 2153 4262 uti,
2176 4202 2232 4247 et
2251 4196 2507 4249 insumere
2531 4211 2747 4264 congcs-
