3050 4913
575 376 707 442 260

578 535 700 587 talis
713 537 824 585 lure
845 534 916 584 sit
938 534 1219 585 animorum
1241 534 1561 599 conjunctio,
1581 541 1638 584 et

575 612 781 662 occulto
804 613 975 678 aliquo
995 612 1257 662 stellarum
1299 611 1497 662 soedere
1534 628 1637 661 am-

576 689 756 739 borum
778 689 975 738 natales
997 688 1106 738 dies
1124 690 1437 749 consentire,
1452 704 1638 739 conve-

575 767 708 825 nire,
730 775 786 816 et
820 768 884 816 ab
909 781 1014 817 uno
1047 767 1331 833 eodemque
1368 769 1559 828 sidere,
1583 774 1639 817 et

577 845 840 896 stellarum
885 845 1254 909 conjunctione
1287 852 1342 894 et
1381 845 1638 894 inclinati-

574 934 675 971 one
696 921 969 985 provenire
1007 927 1062 970 et
1085 919 1637 982 dodach—Ambustus]

573 998 677 1048 Tui
701 1005 758 1047 et
779 998 895 1048 mei.
962 995 1176 1047 Effeetis
1203 996 1418 1059 colligit,
1445 1002 1637 1045 utrum·

577 1088 679 1139 que
718 1074 811 1123 sub
856 1072 1036 1122 eodem
1078 1073 1248 1122 sidere
1292 1078 1467 1122 natum
1508 1086 1641 1134 esse,

577 1165 693 1199 cum
737 1150 1008 1214 utriusque
1047 1150 1115 1199 sit
1175 1149 1354 1198 eadem
1410 1147 1639 1209 fortuna,

574 1225 712 1275 idem
735 1226 979 1287 studium,
1001 1240 1062 1275 ac
1098 1225 1317 1289 proinde
1356 1224 1492 1275 idem
1515 1241 1641 1290 quo-

580 1316 679 1366 que
701 1303 966 1350 nascentis
988 1302 1323 1365 horoscopus.
1358 1303 1508 1351 Idem.

640 1383 707 1428 46
747 1378 990 1441 Uno,s·c.]
1036 1379 1157 1432 Una
1180 1379 1447 1427 stellarum
1470 1378 1644 1441 dispo·

578 1455 787 1516 sitione,
828 1470 942 1520 quae
985 1455 1189 1518 utrique
1231 1455 1512 1504 communis
1557 1456 1641 1504 sit.

574 1532 696 1580 Sive
735 1532 829 1581 sub
875 1532 1051 1593 Libra,
1095 1531 1205 1579 sive
1248 1532 1343 1579 sub
1389 1531 1645 1594 Geminis,

579 1608 663 1656 vel
684 1623 990 1672 quocunque
1013 1609 1113 1660 alio
1137 1609 1307 1657 sidere
1330 1609 1439 1657 nati
1467 1609 1642 1672 simus,

575 1682 673 1732 hoc
695 1697 850 1733 unum
881 1691 1105 1744 constat,
1143 1699 1235 1732 nos
1272 1683 1538 1747 cujusdam
1580 1685 1644 1733 si-

577 1758 720 1809 deris
741 1759 988 1809 beneficio
1006 1766 1150 1810 certa
1165 1771 1364 1809 morum
1388 1761 1642 1824 qualitate

575 1837 838 1899 conjungi.
874 1838 1026 1886 Idem.

642 1916 705 1960 47
742 1914 939 1972 Nostra,
958 1912 1062 1975 qt]
1100 1912 1219 1961 Hoc
1241 1914 1528 1966 secuudum
1550 1913 1646 1963 As-

578 1989 804 2050 trologos
827 1988 972 2048 dicit.
1038 1991 1109 2037 Et
1140 1989 1223 2042 hic
1245 2004 1420 2039 sensus
1445 1995 1644 2039 tractus

578 2071 662 2114 est
685 2064 751 2112 ab
777 2064 1028 2114 Horatio:
1068 2065 1084 2091 ‘
1106 2066 1208 2113 Seu
1251 2066 1401 2128 libra,
1436 2081 1524 2114 scu
1560 2081 1644 2115 me

576 2140 810 2202 scorpius
851 2139 1073 2201 aspicit!
1133 2140 1237 2188 Vct.
1264 2143 1643 2202 Scit—Nostra,

579 2213 686 2275 esa]
737 2215 991 2275 Tempora
1015 2221 1188 2263 nostra
1230 2215 1280 2263 in
1317 2218 1548 2264 diversas
1585 2218 1642 2265 li·

579 2289 686 2338 brae
710 2289 884 2337 lances
907 2289 1147 2351 imposita
1168 2306 1180 2338 :
1206 2290 1274 2338 ad
1296 2292 1643 2354 equalitatem

580 2365 862 2414 animorum
900 2365 1366 2428 demonstrandam,
1403 2367 1551 2428 eligit
1576 2367 1642 2415 si-

578 2441 706 2493 dera
746 2443 986 2507 aequalia,
1029 2450 1085 2497 ut
1122 2444 1278 2505 Libra
1319 2450 1374 2494 et
1420 2445 1643 2509 Gemini.

579 2519 765 2569 Plures
792 2528 914 2567 sunt
935 2512 1350 2574 constellationes
1370 2535 1482 2584 quae
1507 2520 1644 2570 inter

577 2608 635 2643 se
672 2594 900 2643 homiues
933 2594 1195 2657 junguut;
1249 2596 1341 2644 sed
1387 2596 1501 2643 duae
1541 2596 1643 2646 illae

580 2669 880 2733 praecipuae,
926 2662 1138 2732 quarum
1197 2670 1282 2718 hic
1324 2669 1387 2719 fit
1428 2671 1645 2720 mentio.

583 2744 769 2793 Cusuub
772 2743 1025 2806 .—-Libra]
1091 2745 1254 2808 AEqua
1293 2745 1462 2817 lance,
1495 2752 1551 2795 et
1589 2747 1646 2795 li-

579 2818 817 2869 bratione
855 2819 1144 2882 suspendit,
1183 2820 1471 2883 trutinavit,
1494 2829 1551 2871 et
1583 2838 1648 2871 ε-

578 2895 777 2958 quavit.
779 2895 1140 2963 —Tmpm]
1173 2896 1499 2957 Nativitatis,
1562 2899 1646 2971 vel

579 2974 868 3033 conceptus
893 2970 1290 3045 potius.11ubia.

643 3048 710 3093 48
743 3044 924 3108 Pam]
981 3045 1086 3094 Pro
1121 3037 1252 3097 fato
1266 3048 1648 3109 ponitur.--Te-

576 3121 815 3184 και-,ξω
868 3120 931 3170 Id
965 3129 1066 3182 est,
1100 3137 1281 3172 severa
1317 3131 1373 3173 et
1409 3124 1646 3174 immuta-

581 3196 719 3247 bilis.
747 3198 1029 3247 Horatius:
1052 3203 1067 3250 ἕ
1091 3200 1261 3250 Parca
1272 3215 1372 3250 uon
1390 3202 1630 3253 mendax.
1633 3202 1647 3225 '

579 3298 614 3306 --
647 3273 759 3335 Seu,
779 3273 883 3337 qm]
918 3274 1002 3323 Ita
1025 3275 1153 3325 dicit
1187 3292 1253 3326 ex
1281 3278 1523 3341 opinione
1550 3278 1643 3328 As-

578 3351 915 3417 trologorum,
941 3352 1025 3415 qui
1049 3361 1283 3415 censent,
1302 3355 1475 3419 horam
1503 3356 1642 3406 illam

578 3439 683 3490 qua
704 3426 908 3475 Gemini
928 3428 1181 3491 oriuntur,
1198 3416 1508 3481 fidelissimis
1522 3434 1644 3481 ami·

579 3501 655 3551 cis
667 3503 937 3557 nascendis
953 3505 1172 3552 maxime
1175 3504 1641 3585 accommodatam.

580 3572 757 3639 Dubia.

643 3657 710 3703 49
741 3656 1072 3720 mvidiae-m]
1114 3658 1261 3707 Vitas
1286 3664 1341 3707 et
1357 3658 1530 3708 studia
1552 3674 1641 3709 no·

578 3735 708 3792 stra,
741 3746 856 3795 quae
881 3749 946 3781 ex
985 3732 1111 3782 fatis
1152 3736 1468 3798 dependent,
1505 3737 1642 3786 iuter

582 3817 639 3852 se
683 3807 919 3869 aequalia,
954 3809 1006 3856 iu
1044 3809 1290 3859 Geminos
1330 3810 1539 3872 dividit,
1587 3819 1644 3862 ut

581 3879 812 3941 quamvis
835 3882 1052 3931 diversis
1078 3884 1414 3953 temporibus,
1438 3886 1533 3934 suh
1555 3903 1641 3936 eo·

580 3951 698 4002 dem
739 3962 908 4004 tamen
952 3958 1121 4007 sidere
1161 3961 1642 4029 nati—Distribuit]

578 4028 805 4093 Dividit,
828 4039 883 4087 et
907 4034 972 4082 ad
996 4036 1240 4083 Geminos
1283 4039 1516 4087 consulto
1555 4040 1641 4087 de-

576 4105 752 4168 rivat,
777 4108 857 4155 vel
901 4108 1178 4157 dividendo
1221 4113 1577 4175 conjungit.—
1513 4117 1642 4171 —ls

581 4181 828 4245 Geminos]
860 4181 1119 4246 Ambigue
1144 4193 1198 4234 et
1221 4186 1503 4249 ingeniose.
1542 4190 1641 4237 Po-

582 4262 690 4308 test
711 4259 847 4310 euim
870 4274 972 4313 uon
993 4259 1159 4310 solum
1183 4261 1250 4311 ad
1270 4261 1411 4311 sidus
1429 4265 1643 4323 coeleste

1264 391 1480 439 No'rffi
1530 390 1933 440 vAmoRUM
1986 392 2058 439 m

1711 533 2004 597 transferri,
2025 535 2116 584 sed
2153 533 2312 584 etiam
2344 534 2412 583 ad
2438 535 2698 601 Persium,
2718 545 2776 588 et

1711 610 2369 674 Cornutum—Concordia]
2402 610 2550 661 Inter
2573 628 2630 663 se
2654 628 2775 664 cou-

1711 687 1987 736 veuientia.
2022 687 2198 736 Lubias.

1775 768 1840 812 50
1875 763 2160 827 Saturnum]
2181 763 2302 814 Sive
2325 764 2547 829 denique
2563 767 2777 819 Saturni

1712 839 2040 901 gravitatem,
2085 847 2142 887 et
2183 840 2583 903 inclementiam,
2628 843 2779 894 Jovis

1712 913 2032 977 benignitate
2054 922 2110 963 et
2140 916 2418 965 clementia
2455 932 2559 965 uua
2580 916 2778 982 frangi·

1710 1003 1842 1048 mus,
1865 995 1921 1037 et
1943 990 2140 1051 pariter
2160 989 2779 1058 mitigamus.—Graren]

1711 1063 2297 1129 Maleficum—Num]
2330 1068 2497 1117 Nobis
2520 1071 2778 1134 propitio:

1712 1146 1793 1188 est
1816 1139 1950 1194 euim
1979 1140 2282 1204 ἀγαθοποιὸν,
2306 1150 2363 1191 ut
2386 1146 2638 1194 Saturnus
2676 1162 2780 1196 ma·

1713 1214 1910 1265 leficus.
1977 1216 2135 1279 Apud
2162 1217 2435 1268 Firmicum
2458 1235 2597 1284 sa’pe
2619 1222 2780 1286 legas,

1712 1292 1991 1344 Saturnum
2035 1293 2409 1344 radiationibus
2451 1297 2601 1348 Jovis
2643 1300 2780 1350 miti·

1716 1368 1846 1428 gari.
1916 1369 2159 1430 Frangere
2180 1376 2237 1419 et
2252 1375 2510 1435 temperem
2538 1373 2781 1424 Astrolo-

1714 1457 1896 1505 gorum
1936 1458 2108 1506 voces,
2146 1445 2199 1495 in
2246 1461 2361 1495 eam
2400 1462 2509 1496 rem
2547 1449 2778 1511 usitate,

1716 1535 1833 1570 cum
1876 1522 2084 1571 sinister
2127 1520 2344 1571 affectus
2391 1525 2537 1572 unius
2573 1526 2780 1590 sideris,

1715 1597 1996 1661 impeditur
2015 1599 2274 1648 contraria
2312 1599 2364 1650 vi
2387 1601 2620 1651 alterius.
2687 1605 2781 1653 Ca·

1712 1673 1904 1726 ambon-

1779 1755 1842 1800 51
1884 1751 2068 1812 Nescio,
2088 1752 2195 1814 spa]
2219 1753 2337 1815 vel,
2358 1753 2519 1802 Certe
2541 1754 2659 1803 haec
2678 1756 2782 1829 sig

1716 1826 1956 1888 na,l1anc
1994 1834 2194 1877 tautam
2228 1828 2365 1876 inter
2386 1843 2476 1876 uos
2500 1830 2781 1879 amicitiam

1717 1903 2085 1954 conciliarunt.
2111 1905 2213 1962 vel,
2223 1905 2382 1954 Certe
2396 1904 2605 1967 aliquod
2622 1906 2781 1967 aliud,

1717 1996 1834 2031 nam
1867 1982 2092 2031 omnium
2131 1980 2339 2044 aliquod
2362 1979 2503 2028 sidus
2524 1988 2623 2040 est,
2645 1982 2784 2031 unde

1716 2063 1908 2124 nostrae
1943 2057 2205 2105 amborum
2250 2058 2542 2105 voluntates
2585 2058 2783 2106 studia·

1717 2149 1818 2197 que
1837 2133 2083 2199 pendent,
2106 2140 2161 2181 et
2186 2133 2324 2181 inter
2362 2147 2418 2181 se
2446 2134 2577 2181 adeo
2619 2136 2782 2184 amice

1716 2220 1895 2262 mutuo
1934 2205 2600 2276 conspirant.—-Tempemt]
2655 2215 2783 2263 Mis-

1715 2296 1817 2345 cet,
1834 2288 2123 2350 conjungit,
2144 2291 2410 2352 mutum.
2451 2283 2783 2338 cambum-4

1717 2363 1933 2425 astrum]
1978 2363 2146 2424 Syrius
2191 2364 2398 2427 proprie
2435 2379 2503 2413 ex
2547 2366 2783 2427 pluribus

1713 2438 1890 2488 stellis.
1958 2437 2227 2487 Interdum
2265 2447 2435 2489 tamen
2473 2447 2529 2490 et
2553 2456 2654 2505 pro
2683 2458 2784 2495 una

1710 2517 1860 2567 stella
1880 2516 2106 2579 ponitur.
2150 2515 2325 2566 Lesbia.

1780 2598 1845 2641 52
1877 2592 2034 2655 Mille,
2054 2591 2157 2655 qa]
2190 2595 2259 2643 Et
2279 2593 2561 2644 Horatius:
2598 2596 2617 2625 ‘
2638 2598 2785 2650 Quot

1715 2668 1944 2730 capitum
1983 2669 2181 2731 vivunt,
2219 2669 2436 2718 totidem
2494 2671 2783 2722 studiorum

1718 2742 1922 2792 Miltia:
1956 2747 2024 2793 Et
2045 2745 2346 2797 Terentius:
2380 2748 2396 2774 ‘
2424 2747 2568 2797 Quot
2588 2748 2784 2809 capita.

1718 2825 1802 2868 tot
1826 2821 2131 2871 sententia-‚⁹
2188 2823 2291 2870 Vct.
2311 2822 2660 2886 Sch.—Miue,
2678 2823 2783 2888 qm]

1715 2897 1904 2945 Sensus
1925 2905 2032 2949 est:
2083 2900 2161 2947 Tu
2183 2900 2405 2948 studium
2431 2900 2782 2965 Philosophia

1717 2978 1920 3022 tantum
1943 2974 2190 3038 sequeris,
2213 2991 2329 3024 cum
2352 2972 2439 3024 alii
2459 2976 2574 3026 aliis
2594 2978 2784 3029 studiis

1718 3048 2065 3099 detineantur.
2146 3051 2262 3099 Tibi
2305 3067 2458 3100 unum
2505 3043 2782 3116 sapientia?

1717 3125 1944 3173 studium
1968 3126 2458 3199 arridet.—Species]
2491 3128 2631 3178 Sunt
2666 3144 2786 3194 pro-

1717 3204 1884 3267 posita
1908 3204 2050 3267 vitae,
2073 3213 2208 3255 artes
2247 3208 2326 3256 vel
2360 3207 2619 3266 scientiae,
2654 3224 2783 3273 quas

1714 3279 1945 3341 homines
1986 3274 2327 3355 profitentur·
2386 3284 2403 3311 ‘
2426 3285 2571 3334 Quot
2608 3286 2785 3347 capita

1715 3363 1796 3407 tot
1829 3357 2122 3415 sententiae,
2150 3372 2269 3417 suus
2300 3358 2485 3426 cuique
2523 3374 2639 3408 mos
2662 3351 2787 3410 est?

1713 3434 1871 3499 -Εί,
1892 3433 1997 3498 qt]
2045 3434 2094 3481 V
2096 3433 2232 3483 arius
2262 3441 2315 3482 et
2338 3433 2587 3483 diversus.
2652 3437 2785 3487 cum

1714 3510 1842 3558 varii
1866 3506 2017 3560 variis
2042 3509 2230 3566 rebus'
2219 3524 2268 3557 m
2288 3509 2395 3558 vita
2416 3521 2782 3561 exerceantur.

1717 3585 1973 3649 Intelligit
1996 3592 2135 3644 artes
2175 3585 2404 3634 diversas
2427 3602 2487 3635 ac
2520 3588 2789 3654 scientias,

1717 3675 1833 3725 quoe
1854 3663 1991 3711 circa
2009 3676 2091 3710 res
2109 3668 2400 3711 versantur.
2434 3662 2610 3715 lubin.

1779 3741 1842 3785 5³
1886 3736 2012 3786 Velle
2031 3751 2184 3800 num,
2217 3737 2325 3800 θα]
2384 3738 2452 3785 Et
2494 3738 2787 3802 Virgilius.

1714 3812 1729 3838 ‘
1752 3812 1933 3861 Trahit
1954 3828 2046 3861 sua
2070 3827 2323 3877 quemque
2356 3814 2636 3875 voluptas?
2678 3814 2791 3865 Ver.

1716 3887 2029 3937 Βάκ-ναις
2064 3888 2219 3950 mum]
2270 3888 2335 3936 ld
2357 3896 2458 3945 est,
2494 3888 2791 3953 Unusquis-

1719 3978 1818 4027 que
1840 3978 1931 4010 sua
1975 3965 2240 4012 voluntate
2275 3979 2335 4012 ac
2358 3964 2531 4013 studio
2554 3965 2793 4016 ducitur.

1716 4040 1901 4101 -Νεσ,
1921 4038 2025 4101 εμπ]
2072 4041 2185 4087 Non
2202 4056 2374 4089 omnes
2391 4056 2545 4089 unum
2567 4052 2627 4094 et
2650 4043 2792 4092 idem

1715 4120 1838 4162 voto
1859 4121 2065 4177 optant,
2087 4122 2140 4164 et
2162 4116 2474 4166 desiderant.
2510 4119 2691 4167 Lubia-
2780 4118 2785 4122 ’

1781 4193 1843 4237 54
1880 4188 2139 4253 Mercibus]
2186 4191 2289 4240 Hic
2328 4200 2674 4243 mercaturam
2699 4209 2790 4243 ex·

1717 4277 1879 4328 ercet,
1895 4275 1952 4318 et
1963 4269 2015 4318 iu
2032 4270 2253 4320 Oriente
2270 4285 2388 4320 suas
2403 4286 2611 4322 merces
2624 4272 2792 4324 Italas
