3050 4913
1149 379 1601 429 Juvat-isus.
2317 364 2488 430 1211

273 521 604 595 Christiani,
638 521 719 583 de
762 541 886 601 quo
917 523 1119 601 Lupus
1147 522 1524 584 Ferrariensis
1557 520 1740 599 Epist.
1769 527 1869 582 34.
1898 529 1958 581 et
1987 529 2083 583 20.
2116 520 2218 581 ubi
2250 521 2493 599 satiram

273 620 421 679 illius
450 628 762 689 memorat,
790 638 909 697 qua
930 618 1268 679 Ciceronem
1290 639 1357 678 ac
1382 618 1684 691 Virgilium
1710 619 1860 677 coelo
1880 617 2091 687 intulit,
2123 617 2489 677 contendens

274 714 571 774 Christum
601 724 794 773 morte
822 733 926 774 sua
952 715 1132 775 etiam
1161 714 1405 792 paganis
1433 713 1795 792 sapientibus
1823 714 2159 792 profuisse.¹
2240 716 2490 773 Petrum

276 812 593 872 Birthiun
635 811 1011 871 Scholiorum
1055 811 1113 869 in
1153 812 1501 872 Juvenalem
1546 818 1844 870 auctorem
1883 811 2143 888 appellat
2186 810 2487 869 Gonsalus

275 907 345 967 de
384 908 552 967 Salas
582 906 657 965 ad
693 907 1031 967 Petronium
1062 926 1125 985 p.
1173 906 1339 967 130.α
1419 906 1538 967 Sed
1577 907 1764 967 verius
1793 918 1905 977 est,
1947 919 2255 968 centonem
2285 926 2413 966 esse
2449 926 2484 965 e

274 1004 436 1063 variis
479 1013 545 1063 et
572 1022 606 1061 a
650 1003 823 1063 variis
851 1016 1184 1075 consutum,
1224 1004 1469 1075 alicubi,
1514 1016 1581 1064 ut
1607 1004 1690 1065 ait
1718 1005 2042 1083 Pignorius,
2085 1006 2211 1063 sine
2240 1003 2484 1063 delecta.

278 1102 346 1160 Et
380 1101 573 1160 multa
600 1100 715 1161 alia
754 1099 1050 1178 ejusmodi
1078 1101 1304 1161 scholia
1346 1103 1405 1161 in
1438 1104 1597 1162 Mss.
1634 1102 1800 1162 libris
1824 1112 2104 1181 praeterea
2145 1110 2483 1171 occurrunt,

274 1216 525 1275 quorum
570 1197 1068 1279 etiam—nonnulla
1109 1198 1280 1258 affert
1317 1200 1377 1258 in
1422 1200 1844 1260 commentario
1885 1220 1991 1260 suo
2021 1200 2315 1260 Domitius
2353 1197 2487 1257 Cal-

272 1292 531 1353 derinus.
617 1294 971 1354 Lambecius
1009 1304 1168 1355 certe
1194 1294 1301 1354 lib.
1333 1310 1428 1356 vx.
1473 1296 1550 1357 de
1579 1298 1738 1360 Bibl.
1770 1298 2211 1359 vindobonensi
2247 1316 2310 1373 p.
2342 1302 2483 1356 243.

270 1401 486 1462 narrat,
528 1410 594 1450 se
620 1391 679 1449 in
710 1392 1001 1452 veteribus
1030 1393 1188 1452 Mss.
1220 1392 1503 1471 reperisse
1531 1393 1755 1454 scholia
1782 1394 1856 1453 ad
1885 1396 1919 1455 J
1929 1394 2252 1462 uvenalem,
2284 1411 2419 1470 quae
2449 1408 2486 1450 a

269 1486 592 1547 Pithoeanis
637 1489 956 1567 plurimum
1005 1488 1327 1562 differrent,
1377 1500 1442 1549 ut
1489 1491 1707 1552 frustra
1753 1512 1827 1552 ex
1875 1491 1946 1552 iis
1997 1491 2283 1551 medelam
2334 1488 2484 1548 locis

269 1584 480 1643 hiulcis
519 1585 873 1664 speraverit:
919 1588 1122 1666 quales
1147 1586 1327 1646 etiam
1368 1596 1502 1647 sunt
1544 1587 1605 1646 in
1651 1588 1800 1647 Mss.
1833 1587 2123 1647 Biblioth.
2155 1586 2481 1655 Beruensis,

270 1701 522 1759 quorum
566 1682 886 1760 specimina
935 1681 1205 1761 quaedam
1257 1681 1425 1742 dedit
1466 1682 1743 1743 Sinuerus
1786 1685 1844 1741 in
1886 1683 2076 1742 Catal.
2123 1685 2283 1742 Mss.
2327 1681 2482 1741 Bibl.

273 1779 444 1837 Bem.
484 1798 549 1858 p.
590 1786 732 1839 500.
777 1799 914 1857 sqq.
964 1777 1302 1840 Novissime
1349 1778 1614 1837 Jacobus
1661 1778 1890 1837 Tollius
1929 1777 2270 1837 Juvenalem
2310 1777 2485 1836 edere

270 1874 456 1934 voluit
484 1895 623 1934 cum
653 1876 962 1935 scholiaste
988 1887 1200 1947 vetere,
1243 1873 1408 1933 tertia
1436 1882 1603 1952 parte
1645 1875 1923 1942 auctiore,
1965 1894 2000 1933 e
2029 1874 2375 1943 codicibus,
2420 1883 2487 1933 ut

271 1971 523 2041 videtur,
564 1971 1176 2031 vindobonensibus!
1255 1970 1423 2030 Talia
1448 1990 1688 2050 quoque
1718 1969 1971 2043 Scholia,
2015 1969 2276 2030 nondum
2304 1969 2485 2040 edita,

269 2079 326 2130 et
373 2089 411 2128 a
461 2068 789 2129 Pitlroeanis
836 2068 1088 2142 diversa,
1146 2069 1204 2128 in
1254 2068 1448 2129 multis
1498 2068 1686 2147 iisque
1734 2068 1988 2148 antiquis
2026 2067 2200 2129 codd.
2255 2065 2485 2146 scriptis

266 2165 571 2226 luvenalis
621 2176 750 2226 tum
804 2185 842 2225 a
882 2166 1056 2225 nobis
1099 2174 1329 2244 reperta
1371 2173 1531 2237 sunt,
1575 2174 1699 2224 tum
1742 2165 1819 2224 ab
1866 2164 2015 2234 aliis,
2061 2184 2116 2223 v.
2168 2184 2223 2223 c.
2264 2182 2300 2222 a
2345 2163 2480 2225 Nic.

269 2262 535 2334 Heinsio,
576 2263 737 2341 apud
768 2283 945 2343 quem
972 2282 1045 2323 ea
1073 2263 1219 2322 vidit
1252 2262 1597 2334 Henninius,
1634 2281 1670 2322 a
1697 2262 1949 2332 Lubiuo,
1992 2268 2070 2334 (v.
2103 2260 2201 2320 inf.
2235 2261 2310 2321 ad
2339 2261 2481 2320 edit.

265 2361 532 2420 Wechel.
567 2360 797 2421 Hanov.
837 2360 1012 2423 1603.
1041 2370 1103 2421 et
1142 2359 1360 2439 Scalig.
1394 2360 1587 2439 Epist.
1619 2363 1787 2433 412.)
1830 2358 2091 2429 Barthio‚
2135 2358 2216 2433 (in
2255 2359 2482 2436 optimo

265 2458 395 2537 ejus
427 2458 552 2517 Μ».
578 2455 656 2518 de
685 2477 805 2536 quo
837 2477 893 2517 v.
922 2456 1077 2517 illius
1107 2458 1355 2518 Advers.
1378 2473 1545 2518 1111.
1582 2465 1671 2519 13.
1705 2474 1853 2516 xxv,
1892 2454 1977 2516 16.
2014 2473 2186 2516 xul.
2217 2452 2305 2517 16.
2341 2472 2480 2514 tvl.

264 2560 346 2629 3.)
373 2555 830 2626 Elmenhorstio,
868 2561 949 2631 (v.
979 2554 1197 2633 Scalig.
1230 2554 1417 2633 Epist.
1447 2553 1617 2628 464.)
1643 2553 1876 2623 Vossio,
1915 2558 1998 2627 (v.
2030 2553 2110 2627 ej.
2143 2553 2482 2631 Etymolog.

262 2671 320 2730 p.
351 2655 525 2724 331.)
570 2652 850 2724 Ferrario,
895 2652 1023 2732 (qui
1068 2652 1146 2712 de
1192 2671 1255 2711 re
1296 2652 1529 2712 vestiar.
1562 2667 1641 2712 11.
1680 2660 1730 2708 1.
1764 2665 1876 2710 111.
1919 2658 2016 2711 24.
2060 2658 2121 2709 et
2161 2649 2237 2707 al.
2281 2648 2483 2707 laudat

261 2759 519 2810 veterem
551 2749 919 2810 Scholiasten
940 2749 1222 2810 ineditum
1253 2749 1308 2809 in
1336 2750 1370 2809 J
1378 2749 1703 2819 annalem,
1734 2767 1908 2826 quem
1935 2745 2257 2806 Mediolani
2290 2753 2486 2806 servat

262 2846 644 2905 Bibliotheca
687 2847 1101 2920 Ambrosiana)
1145 2844 1482 2906 Alexandro
1525 2844 1775 2916 Fatensi,
1825 2849 1906 2919 (v.
1941 2843 2285 2932 Hennimin
2328 2852 2479 2902 nott.

264 2943 574 3003 Variorum
602 2944 682 3003 ad
713 2945 841 3004 Sat.
870 2959 968 3003 vx.
998 2945 1168 3016 379.)
1191 2942 1328 3002 Jan.
1359 2943 1591 3010 Douma,
1633 2947 1714 3017 (v.
1747 2941 2006 3000 Hennin.
2037 2940 2076 2999 l.
2106 2940 2145 2999 l.
2174 2940 2247 2999 ad
2281 2956 2344 2998 v.
2378 2948 2477 3010 89.

264 3048 321 3099 et
348 3056 467 3100 XV.
502 3043 593 3114 5.)
616 3040 1004 3119 pluribusque
1029 3040 1177 3100 aliis.
1261 3039 1377 3099 Sed
1411 3047 1474 3098 ut
1501 3037 1576 3096 ad
1607 3037 1850 3097 Scholia
1875 3037 2180 3097 Pithoeana
2209 3046 2479 3107 revertar,

265 3156 332 3197 ea
372 3135 603 3214 primus
629 3137 939 3216 descripsit
967 3136 1093 3197 Jos.
1124 3136 1402 3215 Scaliger,
1447 3134 1549 3214 qui
1578 3134 1653 3193 de
1679 3153 1750 3192 ea
1778 3154 1840 3195 re
1878 3134 1958 3193 ita
1988 3137 2288 3195 certiorem
2334 3134 2482 3193 fecit

264 3234 340 3300 is.
370 3234 801 3296 casaubonum
841 3233 903 3292 in
935 3233 1123 3313 Epist.
1158 3250 1238 3296 11.
1273 3240 1410 3292 104.
1497 3239 1515 3265 ‘
1539 3230 1746 3290 Laudo
1774 3229 1936 3307 quod
1970 3231 2216 3291 Glossas
2254 3240 2481 3290 veteres

261 3332 332 3392 ad
362 3331 635 3392 Persium
663 3330 997 3391 attexueris.
1082 3331 1251 3391 Scito
1275 3330 1403 3389 illas
1432 3328 1514 3389 ita
1551 3347 1587 3388 a
1614 3328 1782 3389 nobis
1809 3338 2143 3407 excerptas,
2186 3348 2219 3387 a
2248 3328 2482 3387 Pithoeo

261 3427 450 3489 editas
507 3427 711 3489 fuisse.
797 3428 1269 3506 chirographum
1327 3444 1531 3486 earum
1585 3444 1781 3485 meum
1833 3444 1946 3483 una
2002 3444 2138 3485 cum
2188 3421 2482 3483 veteribus

262 3525 498 3586 Glossis
537 3525 866 3595 Juvenalis,
911 3545 1058 3605 quas
1100 3524 1301 3584 itidem
1344 3543 1415 3583 ex
1457 3522 2020 3601 prisco-exemplari
2059 3520 2364 3582 Juvenalis
2390 3519 2484 3579 Pi·

261 3623 527 3692 thoano,
564 3632 629 3681 et
657 3643 731 3682 ex
758 3622 1012 3682 editione
1040 3625 1155 3683 Ge.
1184 3622 1369 3683 Valloe
1401 3620 1746 3699 collegeram
1777 3621 1835 3679 in
1865 3619 2095 3680 aedibus
2124 3621 2267 3679 meis
2298 3617 2483 3697 Agin.

262 3783 421 3834 rone!
492 3782 630 3832 Haec
661 3783 864 3833 Scholia
885 3798 984 3834 non
1008 3785 1130 3834 satis
1162 3785 1333 3835 conci·
1415 3783 1481 3834 de
1527 3783 1694 3835 Editt.
1727 3783 1935 3848 Virgilii
1972 3782 2038 3830 T.
2082 3796 2122 3831 ι.
2162 3796 2212 3845 p.
2247 3794 2480 3832 cxnvm.
2509 3837 2516 3840 „

261 3873 408 3922 aaut,
439 3860 546 3909 etsi
566 3859 820 3923 suspicari
854 3861 1033 3925 possis,
1061 3862 1114 3910 in
1140 3867 1332 3925 poster.
1413 3861 1540 3911 edit.
1565 3873 1672 3908 sec.
1695 3867 1769 3921 et,
1790 3873 1942 3922 quem
1967 3858 2054 3908 ille
2076 3859 2324 3920 laudavit,
2347 3860 2481 3910 Bur·

263 3937 648 3996 Domitianum,
677 3943 737 3985 ut
756 3950 899 4000 saepe
920 3938 973 3986 in
1005 3938 1117 3987 aliis
1138 3938 1334 4000 schol„
1413 3950 1586 3985 mann.
1625 3949 1734 3984 sec.
1776 3932 1936 3984 Praef.
1970 3948 2022 3998 p.
2055 3939 2139 3984 ³5.
2172 3942 2229 3985 et
2257 3937 2402 3987 Tom.
2438 3951 2478 3987 1.

264 4013 431 4063 vocari
456 4012 715 4073 Nemaea,
732 4020 788 4062 et
806 4027 902 4076 pro
924 4014 1124 4064 Gladio
1145 4016 1333 4065 Nerone
1413 4013 1627 4065 Anthol.
1652 4028 1704 4077 p.
1728 4016 1843 4065 ⁷39.

262 4103 322 4138 ex
354 4090 468 4138 Sat.
508 4103 584 4137 ιν.
618 4092 700 4138 ⁸8.
733 4089 1007 4152 legendum
1040 4105 1152 4140 esse
1188 4092 1333 4140 Calvo
1473 4095 1501 4123 ²
1539 4092 1772 4141 Cornuto
1810 4090 2016 4142 Scholia
2059 4089 2151 4141 illa
2185 4088 2480 4157 assiguabat

263 4168 471 4216 Ner-ne.
1415 4167 1532 4222 Jac.
1555 4168 1630 4218 Cu
1628 4166 1820 4232 jacias.

324 4246 343 4274 ⁸
387 4243 473 4295 De
494 4241 594 4291 illis
627 4241 842 4309 aliisque
878 4241 1046 4294 Probi:
1077 4258 1122 4295 v.
1146 4242 1335 4309 Heyne
