3050 4913
1186 348 1638 401 JUVBNALIS.
2335 342 2509 415 1263

378 503 476 557 13.
520 495 834 555 {Ilm-sis.

291 593 585 671 Integram
614 591 801 670 hujus
827 590 1075 665 codicis,
1102 591 1273 671 plane
1300 592 1628 673 singularis,
1652 595 2051 657 recensionem
2078 595 2272 657 debeo
2299 599 2508 664 huma·-

287 689 456 749 nitati
484 689 582 749 el.
617 691 1045 767 Veesenmeyeri
1069 686 1226 749 Prof.
1258 691 1417 750 Ulm.
1447 692 1554 770 qui
1573 691 1703 769 jam
1739 694 2050 772 specimina
2079 695 2352 773 quaedam
2381 697 2504 761 lec·
2551 722 2560 731 ’

284 788 515 846 tionum
541 786 677 863 ejus
703 807 829 846 var.
857 786 1121 847 ediderat
1148 807 1202 847 a.
1246 796 1420 859 1793.
1464 790 1525 848 in
1580 790 1957 851 commentat.
1984 790 2503 858 historico-critica

288 883 355 945 de
384 884 600 945 Codice
619 884 747 943 Ms.
775 883 1091 944 «Iuvenalis
1118 885 1350 945 Satira-s
1369 887 1799 966 complectente,
1819 897 1879 948 et
1901 898 2195 948 externam
2226 890 2306 950 ibi
2328 891 2502 954 indo·

286 980 393 1041 lem
412 980 571 1040 illius
598 982 690 1040 his
712 982 910 1039 verbis
930 982 1347 1060 descripserat:
1385 991 1401 1017 ⁶
1422 987 1782 1056 Asservatur,
1803 1005 1974 1064 quem
1998 985 2271 1058 diximus,
2294 988 2498 1051 Codex

282 1078 335 1137 in
372 1079 769 1148 bibliotheca,
800 1098 935 1156 qum
982 1081 1061 1138 ab
1100 1079 1305 1139 illustri
1331 1081 1825 1142 Schermariorum
1855 1093 2026 1160 gente
2055 1103 2267 1144 nomen
2296 1085 2497 1159 habet,

282 1185 339 1234 et
363 1175 657 1234 conditur
674 1175 733 1233 in
761 1175 992 1235 editiori
1014 1176 1222 1235 summi
1249 1178 1455 1255 templi
1477 1176 1721 1240 fornice.
1789 1180 2056 1239 Continet
2078 1191 2293 1258 praeter
2317 1183 2352 1241 J
2361 1201 2498 1242 uve·

284 1272 422 1331 nalis
452 1271 673 1331 satiras
699 1273 871 1332 etiam
903 1273 1135 1333 Horatii
1162 1274 1461 1351 epistolas,
1485 1286 1736 1354 excepta
1763 1277 1856 1335 illa
1880 1277 1955 1336 ad
1987 1277 2228 1336 Pisones
2256 1278 2493 1357 scripta,

282 1388 408 1447 quae
437 1368 559 1428 sub
600 1368 767 1428 Artis
797 1370 1055 1429 Poeticae
1081 1370 1477 1449 appellatione
1504 1374 1699 1433 notior
1726 1381 1835 1443 est,
1864 1383 1924 1432 et
1957 1373 2220 1451 Prosperi
2247 1374 2496 1453 Aquita·

282 1473 390 1533 uici
419 1475 734 1534 Poematia
758 1496 774 1544 ;
805 1475 881 1534 de
902 1475 1120 1553 quibus
1137 1475 1217 1535 cf.
1240 1486 1453 1554 praeter
1470 1478 1615 1536 alios
1635 1479 1850 1556 Leyser
1876 1477 1932 1535 in
1953 1478 2152 1536 histor.
2183 1479 2492 1539 Poetarum

282 1580 337 1630 et
359 1572 714 1632 poematum
753 1571 930 1631 medii
961 1574 1066 1632 aevi
1095 1592 1157 1651 p.
1189 1572 1288 1642 67.
1381 1576 1651 1654 Scriptus
1696 1575 1752 1633 in
1783 1588 2129 1653 pergamena
2167 1575 2389 1647 charta,
2431 1584 2494 1637 et

253 1668 483 1739 ·sorma,
510 1689 696 1749 quam
722 1681 991 1730 octavam
1014 1666 1290 1748 majorem
1314 1673 1633 1743 nominant,
1658 1672 2043 1749 complicatus
2072 1679 2306 1731 constat
2334 1689 2491 1735 LXV.

283 1766 447 1837 soliis,
480 1787 741 1845 quorum
766 1785 895 1828 xxt
907 1785 986 1828 11.
1013 1769 1357 1829 Juvenalem
1385 1769 1687 1829 exhibent.
1761 1770 1897 1837 Quo
1923 1786 2081 1826 anno
2109 1768 2182 1826 sit
2202 1778 2494 1843 exaratus,

278 1883 388 1925 non
415 1866 591 1926 adest
642 1874 868 1925 certum
913 1864 1215 1937 indicium,
1266 1867 1365 1927 sed
1397 1876 1531 1926 ante
1581 1866 1835 1926 medium
1883 1867 2037 1925 Saec.
2067 1880 2181 1923 xv.
2209 1866 2492 1944 scriptum

281 1961 464 2034 fuisse,
495 1973 559 2022 et
604 1962 901 2022 literarum
933 1962 1148 2022 ductus
1178 1962 1452 2034 ostendit,
1497 1973 1557 2023 et
1604 1963 1826 2022 indicat
1874 1962 2227 2039 possessoris
2255 1982 2490 2023 nomen.

281 2060 342 2118 ln
376 2079 585 2118 aversa
636 2057 879 2138 quidem
917 2058 1219 2118 anterioris
1257 2059 1528 2137 tegminis
1576 2070 1743 2137 parte
1790 2059 2232 2137 conspiciuntur
2265 2060 2487 2121 verba:

283 2155 677 2217 Marhvardo
726 2156 796 2216 de
839 2155 1126 2236 Baldegg
1177 2155 1468 2215 Canonico
1514 2156 1682 2217 ecclic
1731 2156 1960 2216 AIeten.
1992 2176 2127 2232 quae
2155 2156 2276 2216 sine
2304 2156 2486 2217 dubio

278 2271 672 2331 possessorem
719 2252 992 2312 innuunt.
1059 2252 1512 2333 Baldeggiorum
1557 2264 1787 2333 gentem
1835 2253 1895 2312 in
1937 2273 2092 2332 pago
2128 2254 2486 2315 Lucernensi

277 2350 407 2409 olim
441 2350 736 2420 floruisse,
767 2348 1279 2427 deprehendimus,
1312 2371 1430 2429 quo
1458 2360 1652 2410 autem
1682 2351 1888 2410 vixerit
1905 2370 2032 2409 sevo
2058 2350 2484 2423 Markwardus,

276 2466 407 2507 cum
435 2446 814 2526 ignarissimis
842 2448 1150 2520 nescimus,
1181 2448 1431 2527 ideoque
1458 2449 1591 2508 inde
1618 2448 1759 2507 nihil
1790 2447 1932 2506 certi
1960 2446 2032 2506 de
2062 2455 2320 2525 tempore
2349 2469 2488 2526 pos-

276 2545 540 2604 sessionis
563 2545 699 2604 elici
742 2554 959 2623 potest.
1029 2546 1143 2605 Sed
1192 2557 1326 2606 ante
1373 2546 1680 2605 exordium
1710 2543 2007 2605 juvenalis
2037 2544 2398 2622 conspicitur
2426 2545 2482 2604 in

272 2641 409 2699 solio
439 2640 723 2718 singulari
753 2641 1001 2718 pictura,
1023 2658 1159 2718 quae
1186 2661 1342 2701 arma
1372 2642 1652 2720 gentilitia
1686 2640 1880 2712 refert,
1911 2640 2185 2718 clypeum
2215 2639 2482 2699 nimirum

277 2736 511 2816 oblique
539 2736 815 2806 divisum,
848 2737 1018 2814 cujus
1061 2736 1266 2796 dextra
1312 2758 1447 2817 pars
1493 2738 1648 2807 alba,
1701 2737 1932 2796 sinistra
1983 2735 2145 2813 nigra
2174 2755 2309 2794 cum
2339 2735 2484 2795 albi·-

276 2842 439 2891 cante
489 2850 675 2891 cornu
723 2832 983 2892 cervino.
1066 2833 1675 2934 Clypeoflsubscripta
1730 2842 1867 2892 sunt
1922 2831 2221 2910 sequentia
2268 2832 2481 2892 verba:

258 2935 449 3012 felicis
511 2938 774 3019 Cantor-9
829 2937 1155 2998 Thuricen‘·
1205 2959 1234 2997 z
1266 2939 1501 3016 ppositi
1542 2937 1739 2997 Solod.
1782 2939 1839 2995 h.
1879 2957 1932 2996 e.
1974 2938 2183 2996 Felicis
2214 2938 2483 2997 Cantoris

274 3032 655 3093 Thuricensis
704 3046 763 3094 et
792 3034 1098 3112 Praepositi
1141 3033 1565 3093 Solodurensis.
1638 3033 1785 3101 Quis
1811 3033 1918 3091 iste
1949 3033 2106 3092 Felix
2133 3032 2323 3102 fuerit,
2357 3035 2484 3112 opi-

271 3147 471 3189 namur
497 3131 758 3198 eruisse;
803 3149 917 3188 non
948 3131 1122 3190 alium
1152 3131 1466 3202 credimus»,
1512 3150 1684 3208 quam
1717 3130 1967 3189 Felicem
2001 3130 2488 3204 Hemmerlinum,

268 3226 526 3286 nobilem
572 3227 1014 3306 Beghardorum
1059 3237 1547 3307 oppugnatorem,
1579 3227 1681 3305 qui
1710 3247 1762 3286 a.
1799 3236 1972 3289 1421.
2004 3226 2351 3304 Praepositus
2379 3230 2483 3287 So-

269 3321 618 3395 lodurensis,
649 3333 828 3402 atque
858 3344 913 3382 a.
950 3322 1121 3385 1426.
1153 3325 1374 3383 Cantor
1398 3323 1778 3384 Thuricensis
1811 3324 1998 3382 fuerat
2028 3322 2241 3392 factus,
2284 3324 2484 3401 cujus·

270 3438 377 3496 que
405 3420 585 3477 etiam
620 3429 932 3478 tractatum
959 3428 1162 3478 contra
1190 3419 1528 3498 Beghardos
1569 3430 1629 3479 et
1666 3419 2010 3481 Lollhardos
2040 3419 2094 3476 in
2124 3419 2330 3478 codice
2360 3422 2479 3478 Ms.

265 3516 581 3574 chartaceo
611 3514 920 3574 habemus.
991 3516 1084 3575 Cf.
1119 3516 1370 3592 Allgem.
1401 3517 1624 3576 Histor.
1662 3513 1914 3576 Lexicon
1946 3537 1992 3576 s,
2023 3534 2162 3574 voce
2187 3515 2482 3574 Hemmer·

266 3608 369 3668 len.
457 3611 615 3669 Cum
647 3630 782 3668 vero
813 3610 1124 3670 Malleolus
1172 3611 1330 3671 circa
1376 3632 1432 3672 a.
1482 3613 1656 3675 1456.
1691 3614 1745 3672 iu
1777 3613 1918 3672 vivis
1948 3630 2070 3670 esse
2099 3610 2381 3683 desiisset,
2416 3620 2481 3673 ut

264 3705 529 3784 plerique
559 3706 850 3776 scribunt,
874 3707 958 3780 (in
983 3707 1125 3765 vivis
1146 3706 1342 3767 adhuc.
1368 3719 1492 3767 erat
1523 3717 1694 3777 1459.
1721 3718 1868 3768 teste
1889 3707 2136 3785 epistola
2165 3706 2220 3764 in
2252 3708 2476 3770 Codice

264 3803 443 3861 modo
472 3803 665 3860 citato
690 3803 1062 3877 invenienda)
1103 3824 1341 3864 necesse
1385 3813 1493 3875 est,
1539 3815 1660 3863 tum
1693 3804 1965 3882 temporis
1993 3802 2272 3863 Codicem
2302 3804 2476 3866 istum

257 3898 376 3975 jam
418 3901 601 3960 fuisse
641 3903 1065 3979 conscriptum.
1150 3904 1359 3962 Literae
1406 3911 1544 3962 sunt
1593 3901 1937 3960 minusculae
1987 3902 2474 3980 Longobardieoe,

263 3995 688 4075 frequentibus,
721 4000 816 4056 sed
851 4001 1139 4058 constanti
1172 4001 1397 4058 ratione
1441 4000 1614 4077 pictis
1646 4018 1856 4057 vocum
1889 3998 2270 4076 compendiis.
2345 4001 2478 4058 Dis-

264 4092 562 4151 tinctionis
591 4105 751 4154 notae
780 4094 954 4154 nullae
980 4106 1319 4173 comparent
1360 4105 1573 4172 praeter
1599 4104 1906 4173 punctum,
1938 4113 2189 4165 comma,
2219 4105 2277 4154 et
2305 4095 2476 4152 inter-

257 4189 581 4267 rogationis
610 4190 858 4269 signum.
944 4191 1138 4252 ¹Prima
1168 4190 1463 4270 cujusque
1489 4191 1720 4263 Satirae,
1752 4188 2041 4269 loquimur
2066 4188 2218 4247 enim
2248 4196 2472 4247 tantum
