3050 4913
449 321 538 390 14
918 345 924 352 ·
1195 341 1290 389 na
1337 338 1586 388 pensu
1636 338 1838 401 viu,

433 487 779 570 ¹scribemdi
807 505 1009 570 genus
1036 485 1321 563 laborat,
1340 484 1742 566 ambiguitas
1762 488 1829 548 et
1855 482 2250 562 obscuritas,
2276 504 2431 567 quae
2450 486 2657 555 etiam

449 596 649 655 aucta
675 594 776 654 est
803 589 1148 653 brevitatis
1200 587 1446 664 studio,
1487 588 1598 651 cui
1644 607 1735 651 ex
1780 587 2010 651 Stoica
2035 585 2262 650 forsan
2288 587 2658 673 disciplina

446 695 716 760 nimium
765 693 1081 769 assuevit,
1110 696 1177 756 et
1204 692 1672 756 sententiarum
1723 691 2019 772 argutiis,
2051 692 2295 775 quibus
2335 697 2490 757 tunc
2537 694 2657 757 ho-

447 797 655 861 minoe
697 795 1209 859 delectabantur.
1299 791 1576 871 Verum,
1619 811 1701 856 ne
1744 794 2007 875 gravius
2050 813 2247 876 aequo
2290 794 2372 858 de
2417 795 2658 861 Persio

449 899 944 982 conqueramur,
973 897 1100 961 hoc
1130 895 1352 979 utique
1379 895 1724 959 tenendum
1766 900 1890 973 est,
1936 897 2226 960 obscura
2252 916 2374 959 nos
2413 897 2655 980 dicere,

447 1020 599 1085 quae
629 1019 671 1063 a
698 1000 890 1064 nobis
917 1018 1049 1063 non
1076 998 1577 1082 perspiciantur,
1602 998 1919 1080 justoque
1945 997 2274 1075 breviora,
2307 1018 2460 1081 quae
2489 1020 2654 1079 rem,

445 1120 621 1166 nunc
651 1102 920 1185 quidem
967 1102 1283 1184 ignotam,
1334 1098 1700 1182 significent
1749 1105 2021 1176 tantum,
2065 1120 2199 1164 non
2249 1102 2656 1185 exprimant,

445 1210 732 1269 nostram
760 1224 971 1268 rerum
1000 1203 1467 1284 cognitionem,
1496 1207 1793 1266 nostrum
1835 1204 2155 1266 sermonis
2201 1201 2424 1267 Latini
2452 1223 2648 1268 usum

445 1308 894 1391 respicientes.
983 1305 1161 1385 Quis
1200 1311 1419 1369 autem
1447 1324 1579 1369 non
1606 1306 1927 1387 intelligit,
1955 1325 2106 1388 quae
2153 1325 2328 1370 nunc
2367 1307 2655 1371 obscura

447 1428 783 1487 vocamus,
837 1409 1196 1492 perspicua
1255 1409 1631 1491 aequalibus
1692 1426 1846 1472 esse
1901 1409 2222 1491 potuisse,
2270 1428 2421 1491 quae
2477 1428 2655 1473 nunc

446 1509 609 1575 dura
633 1509 953 1588 videntur,
971 1530 1059 1574 ex
1082 1516 1272 1594 parte
1296 1515 1450 1574 time
1477 1528 1604 1573 usu
1630 1508 1838 1573 fuisse
1865 1509 2161 1573 mollita?
2205 1512 2409 1574 etiam
2435 1512 2657 1577 brevi·

445 1615 601 1679 tatis
631 1613 943 1691 studium,
973 1612 1151 1696 quod
1180 1610 1453 1675 nimium
1479 1629 1626 1674 esse
1662 1609 2066 1693 judicamus,
2098 1617 2215 1675 aut
2253 1613 2507 1677 nullum
2535 1620 2661 1680 aut>

444 1715 777 1780 modicum
805 1717 892 1778 iis
917 1714 1128 1778 videri
1154 1715 1398 1796 potnit,
1431 1714 1674 1795 quibus
1701 1731 1809 1776 res
1837 1714 2006 1797 ipsae
2037 1721 2171 1780 tam
2197 1719 2377 1778 notae
2407 1722 2652 1792 essent,

444 1822 518 1881 ut
544 1836 673 1880 uno
702 1817 903 1880 verbo
935 1814 1194 1878 abunde
1240 1814 1326 1877 ad
1371 1813 1767 1878 intellectum
1810 1814 2271 1879 indicarentur.
2362 1813 2567 1893 Quod
2593 1817 2655 1880 si

444 1920 619 1981 enim
647 1923 784 1981 tam
822 1919 1143 1980 obscurus
1193 1917 1567 2000 aequalibus
1612 1918 1796 1980 visus
1841 1916 2099 1994 suisset,
2131 1936 2330 1999 quam
2377 1919 2657 2000 quibus·

445 2019 600 2084 dam
641 2038 730 2083 ex
773 2020 1269 2095 recentioribus,
1315 2019 1429 2102 qui
1475 2019 1805 2100 potuisset
1850 2037 2191 2082 censuram
2249 2017 2653 2097 Quintiliani

445 2120 745 2202 effugere,
788 2120 902 2202 qui
949 2120 1480 2202 perspicuitatem
1534 2136 1661 2182 non
1719 2120 1935 2182 solum
1978 2119 2044 2181 in
2091 2127 2375 2197 oratore,
2420 2139 2653 2185 verum

447 2220 647 2285 etiam
697 2224 766 2284 in
794 2219 1000 2304 poeta
1025 2222 1337 2303 requirit?
1404 2218 1655 2304 Atque,
1702 2222 1762 2284 si
1809 2222 2116 2285 volumus
2161 2239 2384 2286 verum
2431 2221 2651 2302 fateri,

443 2323 597 2388 loca
625 2343 815 2407 aeque
843 2324 1135 2387 obscura
1177 2325 1243 2386 in
1272 2324 1623 2406 quibusvis
1653 2323 2029 2386 auctoribus
2059 2322 2651 2407 deprehendantur,

446 2424 938 2509 difficilioraque
988 2425 1246 2510 passim
1309 2425 1669 2508 aenigmata
1716 2425 1912 2490 nobis
1963 2425 2283 2491 solvenda
2343 2426 2648 2504 fuissent,

444 2528 572 2590 nisi
593 2546 676 2591 ea
702 2532 993 2591 veterum
1034 2528 1600 2608 grammaticorum
1630 2526 1972 2608 diligentia
1997 2534 2413 2611 occupasset,
2448 2536 2651 2614 atque

444 2628 781 2710 explicata
817 2630 1012 2692 nobis
1063 2628 1461 2693 tradidisset.
1551 2627 1798 2692 Verum
1825 2629 1996 2691 enim
2039 2647 2193 2694 vero
2223 2650 2435 2714 prope
2461 2631 2651 2696 dixe-

444 2730 590 2807 rim,
637 2731 952 2794 ridiculos
997 2750 1113 2794 eos
1159 2751 1331 2809 esse,
1372 2732 1488 2814 qui
1533 2728 1833 2795 Persium
1877 2731 2268 2794 obscuritati
2315 2730 2650 2798 studuisse

445 2831 848 2912 perhibeant,
895 2836 968 2894 ut
1013 2829 1384 2894 delatorum
1426 2831 1791 2914 periculum
1834 2830 2171 2913 effugeret,
2213 2838 2327 2896 aut
2359 2832 2651 2899 Neronis

445 2932 608 2994 iram
628 2933 922 2998 evitaret.
1012 2931 1225 3011 Quasi
1270 2933 1420 2997 istis
1473 2932 1881 3017 temporibus
1921 2934 2027 2997 vel
2054 2934 2397 2998 levissima
2428 2938 2651 3019 suspi-

448 3033 559 3096 cio
593 3052 724 3097 non
752 3034 887 3097 vim
917 3036 1132 3117 ipsius
1176 3034 1401 3098 delicti
1447 3033 1768 3111 habuerit,
1818 3039 1931 3098 aut
1981 3032 2254 3098 Persius
2300 3038 2650 3102 arbitratus

445 3132 556 3212 sit,
585 3134 917 3199 Neronem
958 3136 1028 3199 id
1069 3155 1198 3199 non
1248 3156 1397 3199 esse
1442 3136 1943 3214 intellecturum,
1992 3137 2169 3221 qnod
2214 3138 2301 3200 ab
2341 3140 2652 3205 omnibus

445 3235 719 3319 reliquis
757 3238 1029 3320 intelligi
1081 3244 1357 3321 optaret.
1450 3238 1622 3302 Mihi
1661 3238 1928 3322 quidem
1965 3240 2318 3303 verisimile
2363 3240 2648 3318 videtur,

446 3336 751 3402 Persium
781 3339 863 3402 de
894 3338 1168 3402 edendis
1195 3340 1417 3402 satiris
1444 3346 1604 3416 tum,
1638 3359 1790 3403 cum
1835 3358 1950 3403 eas
1996 3341 2330 3417 scriberet,
2358 3360 2442 3403 ne
2471 3344 2651 3424 cogi-

444 3443 628 3504 tasse
655 3442 947 3524 quidem,
978 3460 1207 3504 verum
1253 3442 1322 3529 in
1353 3442 1591 3503 ‚animo
1625 3440 1963 3516 habuisse,
2013 3441 2313 3523 aequiora
2346 3447 2652 3526 tempora
2758 3480 2783 3501 .-

446 3551 824 3624 expectare,
849 3551 920 3606 ut
947 3543 994 3607 J
997 3543 1311 3619 uvenaliS,
1341 3549 1416 3606 ut
1436 3543 1583 3625 ipse
1610 3541 1884 3606 Tacitus
1911 3541 2094 3618 fecit,
2118 3542 2236 3606 sed
2264 3549 2470 3606 morte
2499 3545 2675 3627 ejus·

444 3652 843 3726 praematura
901 3644 1063 3708 illud
1108 3664 1276 3727 opus
1324 3643 1778 3726 imperfectum
1837 3644 1908 3708 in
1981 3645 2346 3708 amicorum
2412 3664 2652 3709 manus

446 3745 726 3822 venisse,
756 3751 830 3808 ut
859 3746 1003 3827 ipse
1050 3746 1209 3808 vitae
1242 3753 1497 3822 auctor,
1530 3747 1836 3828 quisquis
1867 3746 1976 3810 ille
2011 3745 2276 3810 tandem
2305 3748 2417 3823 sit,
2446 3752 2650 3812 testa-

448 3846 574 3907 tur.
666 3843 848 3921 Quid
875 3846 944 3907 hi
970 3848 1361 3910 resecuerint
1384 3848 1490 3910 vel
1508 3848 1994 3912 immutaverint
2012 3848 2120 3912 vel
2148 3848 2649 3930 castigaverint,

449 3949 568 4007 aut
590 3943 858 4026 quando
902 3947 1139 4009 satiras
1168 3948 1316 4009 illas
1345 3948 1774 4029 vulgaverint,
1812 3949 1950 4031 ipsi
1993 3951 2151 4015 vitae
2180 3952 2431 4014 auctori
2459 3952 2651 4032 igno-

448 4051 587 4139 tum
637 4044 848 4108 fuisse
907 4046 1181 4117 videtur.
1271 4047 1472 4125 Quod
1528 4050 1702 4112 enim
1776 4050 1964 4129 dicit,
2025 4050 2383 4116 Cornutum
2442 4071 2650 4119 unum

450 4166 715 4217 versum
767 4147 835 4211 in
889 4149 1111 4231 prima·
1158 4150 1363 4214 satira
1414 4138 1745 4231 mutasse,
1790 4173 1873 4218 ne
1916 4173 2068 4221 eum
2110 4153 2197 4217 ad
2247 4172 2322 4218 se
2367 4154 2651 4220 traheret
