3050 4913
542 397 672 462 204

544 559 780 621 gebatur,
824 560 874 610 in
922 576 1023 625 quo
1069 561 1324 611 interdum
1365 562 1606 611 voluntas

542 637 812 686 testatoris
891 637 1229 687 incidebatur.
1252 666 1319 674 —-
1345 636 1609 703 Imprimit]

544 710 835 775 Aggravat,
872 712 1130 775 deprimit.
1198 714 1349 763 Idem.

607 792 673 836 88
705 788 946 848 Laudant,
967 790 1069 852 asa]
1106 792 1401 854 Exaggerat
1418 792 1529 855 jaim
1554 798 1610 841 et

542 864 825 928 amplificat
846 867 1062 915 ulterius
1101 882 1256 915 vanas
1292 868 1404 915 illas
1442 869 1608 917 accla-

542 942 792 991 mationes
823 943 1167 992 convivarum.
1235 947 1397 996 Quasi
1433 945 1606 995 dicat:

541 1018 664 1067 Non
705 1032 966 1067 assensere
999 1020 1182 1079 solum,
1206 1021 1295 1069 sed
1338 1022 1492 1069 etiam
1534 1022 1610 1085 ip-

544 1109 654 1143 sum
691 1094 907 1144 Poetam
934 1096 1164 1158 laudant,
1187 1097 1339 1161 eique
1361 1097 1611 1147 defuncto

543 1177 823 1234 precantur
844 1188 856 1220 :
897 1173 1079 1221 Nonne
1096 1173 1207 1236 jam
1228 1174 1411 1222 merito
1430 1189 1459 1223 e
1481 1175 1610 1223 tanti

544 1246 727 1295 Poe'toe
750 1249 987 1310 sepult-ro
1012 1249 1158 1298 viola».
1182 1259 1236 1298 et
1271 1249 1424 1299 flores
1462 1265 1609 1299 enas-

543 1324 990 1385 cnutum-Nunc,
1037 1324 1142 1386 qm]
1210 1326 1394 1374 Manes
1434 1326 1610 1387 posuit

542 1414 638 1463 pro
677 1400 912 1461 sepulcro
966 1414 1059 1463 per
1097 1400 1311 1463 figuram
1356 1400 1611 1464 Adjuncti

529 1492 640 1541 pro
678 1476 943 1539 Subjccto.
1042 1477 1191 1528 Quod
1236 1485 1440 1526 veteres
1481 1492 1611 1526 mor-

545 1561 749 1602 tuorum
792 1554 987 1602 animas
1045 1554 1127 1601 vel
1174 1568 1347 1602 manes
1401 1568 1608 1602 manere

540 1629 817 1679 crederent
841 1629 892 1677 in
916 1631 1176 1693 sepulcro.
1262 1631 1400 1680 Hinc
1424 1631 1509 1693 qui
1534 1644 1609 1679 se·

542 1707 726 1769 pulcra
764 1706 1192 1768 demoliebantur,
1236 1710 1381 1757 Deos
1426 1708 1611 1757 Manes

546 1781 734 1830 violare
759 1784 1119 1833 censebantur.
1172 1785 1321 1832 Idem.

607 1861 671 1906 ³9
709 1859 866 1918 Nune,
887 1860 993 1922 esa]
1015 1859 1267 1908 Tumulus
1291 1859 1485 1909 dicitur
1511 1867 1611 1908 ter-

542 1946 615 1982 roe
653 1933 902 1995 ingestio,
930 1934 1016 1981 ubi
1052 1935 1189 1982 nulla
1230 1941 1312 1982 est
1350 1936 1611 1983 memoria.

550 2009 657 2059 Vct.
676 2008 1016 2070 Sck.-Nunc,
1037 2008 1145 2072 ξω]
1198 2009 1261 2057 Id
1281 2016 1381 2068 est,
1424 2011 1612 2059 Nonne

535 2085 659 2148 jure
682 2100 711 2133 e
739 2085 932 2134 tumulo
969 2091 1023 2133 et
1059 2086 1296 2148 sepulcro
1326 2086 1436 2149 ejus
1461 2086 1610 2134 violae

543 2160 893 2209 enascuntur?
942 2161 1165 2209 Tumulus
1194 2169 1363 2209 autem
1399 2162 1611 2224 proprie

545 2241 627 2282 est
681 2242 835 2283 terrie
893 2236 1138 2297 aggestio.
1159 2237 1614 2301 -Γοτὲιιηαιαᾳιιε,

543 2311 649 2374 3⁴42]
683 2308 743 2359 Id
770 2318 866 2371 est,
890 2311 969 2359 Ex
995 2311 1225 2376 reliquiis
1248 2312 1479 2361 cinerum
1502 2312 1612 2361 feli-

544 2384 689 2434 cibus
727 2394 782 2434 et
819 2384 1117 2448 fortunatis,
1138 2402 1250 2451 quie
1276 2388 1480 2452 quidem
1509 2398 1611 2439 tam

545 2463 872 2511 sacratissimi
904 2463 1035 2512 vatis
1072 2465 1177 2514 sint
1216 2466 1466 2530 reliqniae.
1516 2468 1612 2516 Lu-

544 2538 923 2602 him-farina]
960 2541 1181 2603 Proprie
1216 2550 1295 2590 est
1333 2543 1461 2592 cinis
1493 2544 1614 2593 cali-

545 2614 641 2663 dus
667 2613 847 2664 fovens
880 2616 1070 2678 ignem,
1108 2624 1181 2677 et,
1219 2624 1276 2666 nt
1315 2617 1496 2668 Poetae
1536 2619 1611 2668 di·

544 2700 689 2754 cunt,
712 2692 898 2755 πέμμα
917 2692 1073 2753 πυρός.
1121 2695 1318 2744 casaub.

609 2774 674 2818 40
712 2772 983 2820 Nascuntur
999 2770 1158 2833 riola]
1227 2771 1287 2819 ld
1324 2779 1423 2832 est,
1461 2772 1610 2821 Rosae

546 2855 599 2895 et
620 2845 794 2896 flores.
849 2847 963 2896 Hoc
989 2862 1115 2908 ergo
1135 2855 1376 2911 tanquam
1401 2863 1611 2898 snmmae

548 2922 815 2971 felicitatis
855 2923 968 2972 loco
1011 2923 1316 2984 habendum,
1360 2925 1613 2988 optabant

546 2998 725 3046 amicis
760 2997 1036 3048 defunctis.
1104 3000 1346 3051 Juvenal.
1369 3001 1479 3049 Sat.
1509 3014 1612 3050 vu.

546 3079 560 3103 ‘
590 3075 679 3123 Dii
704 3075 953 3138 majorum
979 3075 1171 3125 umbris
1196 3083 1401 3125 tenuem
1426 3084 1479 3125 et
1499 3078 1612 3126 sine

545 3151 775 3214 pondere
803 3160 1013 3212 terram,
1029 3153 1393 3216 spirantesque
1414 3167 1614 3215 crocos,

545 3236 600 3276 et
640 3228 691 3275 in
727 3242 856 3276 urna
893 3235 1198 3292 perpetuum
1226 3229 1366 3278 verz'
1418 3244 1547 3293 quos
1582 3244 1612 3278 e

541 3304 786 3365 sepulcro
810 3311 957 3353 natos
989 3313 1192 3367 pacatae
1217 3313 1272 3353 et
1296 3304 1461 3354 felicis
1491 3321 1612 3355 con-

544 3379 754 3429 ditionis
776 3378 1140 3430 defunctorum
1166 3391 1615 3445 argumentum.—

548 3457 822 3519 Rt‘des,ait‚
844 3456 949 3518 4¹0]
975 3458 1065 3506 Est
1088 3455 1385 3520 ἀνθυποφόρα
1410 3458 1532 3506 vani
1557 3458 1613 3506 il-

545 3537 644 3584 lius
671 3535 872 3597 Poetae,
896 3550 1046 3601 quem
1086 3536 1246 3586 irrisit
1285 3545 1470 3586 auctor
1500 3551 1615 3586 nos-

549 3621 645 3663 ter.
716 3613 780 3662 1‹1
818 3619 917 3673 cst,
946 3613 1001 3662 si
1037 3613 1185 3661 nimis
1224 3613 1362 3662 rides
1400 3620 1456 3662 et
1497 3628 1614 3676 per-

547 3693 755 3755 stringis
798 3699 854 3741 et
892 3691 1177 3740 subsannas
1218 3707 1310 3741 nos
1358 3692 1612 3741 Romanos

547 3767 788 3816 nobilium
818 3769 1094 3817 Poetarum
1121 3769 1398 3832 scriptores
1433 3775 1487 3817 et
1525 3768 1614 3817 ad-

546 3844 815 3894 miratores
837 3860 850 3892 :
903 3844 1062 3893 verba
1085 3851 1203 3893 sunt
1228 3844 1343 3892 vani
1372 3846 1616 3894 recitato·

547 3921 616 3971 ris
637 3934 841 3969 causam
865 3933 1006 3969 suam
1030 3918 1516 3969 defendentia—Et
1543 3921 1616 3968 ai-

543 3994 774 4059 mis,&c.]
827 3994 888 4043 Id
925 4002 1021 4058 est,
1056 3996 1281 4045 Nimium
1304 3997 1562 4060 indulges,
1586 4012 1616 4047 o

549 4071 718 4133 Persi,
762 4080 1008 4133 protervo
1056 4080 1146 4120 tuo
1190 4072 1339 4121 risui.
1419 4075 1617 4123 Notum

546 4157 628 4198 est
668 4146 1020 4211 proverbium,
1064 4148 1195 4197 Naso
1229 4152 1406 4199 αάιιιισο
1429 4165 1616 4214 suspen·

542 4226 689 4274 dere.-
739 4222 876 4288 quod
899 4230 981 4272 est
1004 4222 1152 4273 vafre
1191 4232 1247 4274 et
1285 4226 1503 4275 subdole
1524 4226 1617 4274 ali-

545 4315 699 4367 quem
737 4299 974 4351 irridere.
1059 4301 1263 4352 Graecis
1305 4301 1616 4367 μνκτηρίζω.

1243 415 1459 463 Nom:
1512 415 1604 461 vA
1622 413 1913 462 RloRUM
1967 416 2043 464 m

1691 559 1836 607 Uacis
1879 567 2051 609 autem
2091 575 2152 608 eo
2196 559 2356 610 dicit:
2427 576 2543 610 nam
2585 575 2760 622 nares,

1685 636 1803 684 dum
1859 635 1973 685 illas
2023 638 2193 688 soluto
2240 639 2342 688 risu
2388 639 2756 695 contrahimus,

1685 712 1737 760 in
1762 727 1916 776 rugas
1936 716 2312 764 contrahuntur
2329 723 2383 765 et
2399 715 2756 765 incurvantur.

1685 788 1861 837 Lubin.

1749 869 1810 913 41
1846 865 1924 913 Aa
1948 867 2058 928 erit,
2078 865 2183 928 aaz]
2217 866 2280 915 ld
2306 874 2405 925 est,
2427 866 2576 916 Anne
2600 870 2750 916 homo

1685 942 1817 990 adeo
1843 941 2029 990 bardus
2068 952 2221 1007 atque
2257 943 2493 1006 stupidus
2533 943 2758 992 invenie·

1689 1028 1791 1080 tur,
1815 1019 1899 1083 qui
1921 1019 1986 1068 ab
2009 1020 2121 1067 aliis
2144 1020 2209 1069 ob
2233 1020 2421 1071 inuenii
2458 1022 2536 1068 sui
2577 1036 2754 1068 monu-

1687 1103 1862 1143 menta
1885 1095 2083 1144 laudari
2107 1096 2273 1144 nolit?
2326 1098 2412 1160 qni
2445 1097 2662 1145 aliorum
2687 1095 2752 1143 de

1687 1185 1742 1218 se
1777 1169 1965 1219 famam
1990 1180 2042 1219 et
2067 1171 2503 1219 existimationem
2529 1179 2758 1219 contem·

1685 1247 1811 1294 nat?
1859 1247 2064 1309 Nempe
2089 1245 2336 1294 trahimur
2371 1261 2550 1295 omnes
2587 1245 2755 1294 laudis

1687 1321 1880 1382 studio,
1921 1333 1970 1369 et
2012 1323 2238 1385 optimus
2276 1323 2494 1387 quisque
2533 1323 2755 1371 maxime

1686 1398 1852 1460 gloria
1890 1397 2337 1460 uuolton—Velle,
2376 1398 2483 1460 lym]
2549 1400 2614 1447 Id
2654 1408 2754 1460 est,

1687 1476 1792 1527 Qui
1814 1477 1941 1524 nolit
1964 1483 2019 1526 et
2041 1482 2266 1540 respuat.
2331 1476 2504 1525 Lubia.

1750 1557 1816 1602 42
1852 1554 1943 1616 Os]
1967 1554 2235 1616 Pavorem,
2259 1553 2481 1614 laudem,
2504 1555 2756 1602 acclama·

1689 1628 1900 1690 tionem,
1922 1645 2038 1694 qua·
2064 1645 2151 1679 ore
2175 1628 2254 1690 tit,
2284 1630 2367 1678 vel
2404 1631 2471 1678 ab
2509 1645 2600 1678 ore
2640 1645 2755 1693 pro-

1688 1704 2174 1768 cedit—Meruisse]
2238 1706 2350 1754 Sibi
2381 1706 2678 1754 devinxisse
2701 1714 2754 1754 et

1688 1781 2243 1842 conciliasse.-Cedro‚
2265 1781 2369 1844 isan]
2423 1782 2485 1831 Id
2510 1792 2611 1841 est,
2630 1784 2756 1832 Car·

1689 1858 1828 1905 mina
1884 1864 2139 1921 perpetua
2192 1858 2448 1907 bominum
2511 1859 2755 1907 memoria

1690 1934 1845 1997 digna
1870 1944 1988 1999 post
2025 1951 2079 1985 se
2118 1937 2414 2000 relinquere
2451 1944 2505 1985 et
2543 1938 2760 2000 posteri-

1690 2012 1786 2060 tati
1840 2013 2410 2076 consecrare.—-Cedro]
2486 2013 2756 2076 Sumptum

1689 2088 1786 2136 lioc
1811 2095 1890 2138 cst
1923 2088 1988 2137 ab
2027 2089 2226 2137 arboris
2251 2088 2386 2136 illius
2415 2094 2619 2147 natura,
2643 2102 2756 2152 qnae

1688 2162 1880 2213 cariem
1917 2178 2014 2212 non
2056 2165 2234 2213 sentit.
2305 2164 2431 2226 Ejus
2471 2172 2646 2211 antem
2687 2178 2761 2211 ar-

1690 2241 1828 2289 boris
1851 2255 2007 2290 succo
2039 2254 2360 2305 qnaecunquc
2402 2240 2535 2289 illita
2572 2249 2708 2301 sunt,
2730 2255 2759 2288 a

1689 2317 1828 2365 carie
1868 2324 1922 2366 et
1960 2318 2110 2366 tineis
2137 2317 2378 2365 immunia
2412 2324 2551 2366 sunt.
2622 2317 2758 2367 Hinc

1688 2392 1997 2453 diverbium,
2037 2395 2190 2442 Cedro
2222 2392 2436 2453 dignam.
2520 2391 2638 2441 Hoc
2675 2407 2761 2440 au-

1690 2476 1792 2518 tem
1839 2469 2183 2518 Hemisticbio
2224 2485 2343 2517 usus
2383 2476 2462 2517 est
2511 2468 2759 2531 Virgilius

1687 2544 1893 2595 AEneid.
1927 2549 1942 2573 ‘
1967 2547 2035 2595 Et
2060 2546 2218 2595 cedro
2241 2546 2402 2608 digna
2422 2546 2622 2595 locuti!
2683 2546 2759 2594 la.

1752 2626 1816 2671 48
1853 2623 1974 2683 Nec,
1996 2622 2103 2684 εγω]
2151 2623 2282 2674 Quae
2305 2623 2532 2670 carmina
2565 2623 2760 2671 nullum

1688 2698 1977 2762 periculum
2003 2699 2227 2747 babeant
2262 2698 2399 2761 apud
2432 2698 2766 2747 salsamenta-

1690 2776 1790 2824 rios
1828 2782 1880 2824 et
1918 2776 2158 2825 tut-arios.
2227 2776 2334 2824 Per
2356 2775 2586 2823 scombros
2607 2775 2763 2838 signi-

1687 2852 1806 2900 ficat
1832 2853 2265 2914 salsamentarias,
2288 2866 2379 2915 per
2416 2860 2495 2901 eas
2535 2854 2764 2916 pigmen-

1688 2929 1864 2978 tarios.
1941 2930 2048 2978 Vct.
2072 2929 2360 2978 Sem-Nec
2385 2929 2633 2988 scombros,
2654 2929 2761 2992 afa]

1689 3005 1752 3054 ld
1777 3013 1877 3067 est,
1900 3007 2030 3058 Qua!
2051 3006 2243 3053 nullum
2264 3004 2548 3068 periculum
2566 3005 2762 3054 babent

1686 3081 1752 3130 ob
1776 3081 1973 3145 insigne
2015 3080 2287 3130 artificium
2328 3088 2382 3130 ct
2417 3088 2760 3142 venustatem,

1688 3172 1753 3206 ne
1797 3159 2015 3220 cltartae,
2067 3157 2254 3220 quibus
2309 3157 2577 3220 inscriptae
2621 3165 2759 3218 sunt,

1685 3232 1894 3283 inutiles
1936 3242 1990 3282 et
2030 3233 2279 3295 projectae
2323 3232 2389 3280 ad
2430 3233 2762 3281 salsamenta-

1688 3312 1812 3372 rios,
1851 3310 2292 3374 pharmacopolam,
2331 3306 2658 3367 deferantur,
2704 3316 2761 3357 ut

1685 3385 1808 3435 inde
1832 3386 2039 3446 tunicae,
2063 3385 2345 3446 involucra,
2371 3385 2452 3434 vel
2477 3386 2669 3434 cuculli
2704 3383 2761 3433 fi-

1687 3470 1797 3523 ant,
1819 3462 2004 3526 quibus
2025 3462 2302 3521 scombros,
2339 3462 2475 3522 thus,
2516 3463 2668 3525 piper
2707 3468 2758 3508 et

1686 3538 1971 3587 consimilia
2026 3539 2270 3587 amiciunt
2314 3544 2371 3586 et
2411 3537 2760 3586 involvant.—

1688 3616 1956 3678 Scombros]
2017 3616 2323 3676 Pisciculus,
2367 3615 2616 3676 amoos,
2654 3613 2760 3662 dic-

1691 3702 1804 3755 tos3
1860 3694 1996 3742 unde
2018 3693 2426 3743 laudatissimum
2464 3691 2523 3741 fit
2558 3707 2762 3756 garum,

1689 3773 1832 3836 cujus
1867 3772 2050 3833 singuli
2086 3773 2254 3835 congii
2289 3772 2515 3821 millibus
2552 3786 2759 3820 numum

1691 3849 2140 3913 permutabantur,
2165 3855 2297 3897 teste
2322 3848 2458 3896 Pliu.
2525 3846 2701 3896 laabin.

1754 3930 1818 3974 4⁴
1856 3925 2100 3989 Quisquis,
2116 3924 2223 3987 qa]
2250 3923 2462 3972 Mimica
2486 3931 2540 3971 et
2561 3924 2764 3972 comica

1690 4001 2032 4050 exclamatio:
2059 4000 2298 4064 quoniam
2315 3998 2493 4047 Poetae
2522 4012 2621 4047 non
2639 4012 2766 4046 nnn·

1693 4091 1845 4141 quam
1890 4075 2074 4124 omisso
2119 4081 2267 4123 recto
2307 4087 2565 4134 sermone,
2609 4081 2762 4122 extra

1689 4166 1898 4201 scenam
1955 4151 2049 4199 soli
2108 4150 2404 4214 loquuntur,
2448 4151 2773 4216 sustinentes,

1694 4244 1962 4294 personam
1988 4243 2151 4288 suam,
2177 4234 2266 4276 aut
2290 4228 2577 4292 aliquorum
2602 4228 2762 4276 borni-

1692 4321 1814 4357 num
1839 4304 1998 4356 verba
2021 4305 2378 4369 interponunt.
2452 4305 2559 4357 Vct.
2579 4304 2762 4353 Sea.-
