3050 4913
1234 391 1306 442 A.
1337 353 1613 442 emisit.
2380 379 2519 445 293

394 534 567 592 Anno
622 534 1068 595 annun—ln
1115 534 1233 596 fine
1281 537 1403 597 solii
1441 539 1490 597 B
1538 538 1784 618 legitur:
1831 547 1849 573 ⁴
1882 539 2138 599 Coloniae
2184 538 2241 598 in
2284 539 2513 600 aedibus

399 630 677 689 Eucharii
706 630 1083 691 Cervicomi:
1146 634 1352 691 Mense
1380 636 2033 712 Augusto.—-Servatur
2057 634 2114 692 in
2140 634 2293 694 Bibl.
2317 635 2512 694 Acad.

398 725 779 805 Heidelberg.
810 727 1172 804 significante
1209 728 1379 788 nobis
1417 730 1774 807 perhumane
1819 730 1957 788 Viro
1997 730 2080 808 pl.
2111 750 2231 790 rev.
2261 739 2320 789 et
2346 729 2513 796 doct.

398 821 537 880 Car.
567 823 1043 900 Buttinghausen,
1071 823 1286 882 Theoi.
1311 825 1387 883 D.
1416 834 1475 883 et
1497 824 1657 883 Prof.

323 924 479 977 1523
523 918 894 989 Ascensiana,
925 917 1028 977 sol.
1063 918 1232 977 Persii
1261 919 1483 997 Satyrae
1518 939 1654 977 cum
1687 919 1947 998 quinque
1986 920 2429 986 Commentariis
2454 926 2518 980 et

395 1031 600 1072 eorum
628 1014 819 1073 indice
840 1014 1228 1093 amplissimo:
1271 1036 1336 1074 ac
1367 1018 1704 1094 Satyrorum
1735 1017 2087 1094 argumentis
2113 1016 2327 1075 Jodoci
2346 1015 2517 1075 Badii

399 1107 694 1178 Ascensii,
737 1109 830 1168 10.
858 1110 1033 1187 Bapt.
1079 1109 1309 1180 Plautii,
1352 1110 1448 1168 Jo.
1492 1111 1829 1181 Murmellii,
1876 1112 1971 1169 10.
2017 1112 2355 1183 Britannici,
2384 1111 2516 1171 AElii

405 1206 644 1266 Antonii
674 1205 1093 1265 Nebrissensis.
1154 1204 1387 1265 Additis
1431 1205 1507 1264 ad
1548 1208 1769 1266 calcem
1801 1208 1868 1266 L.
1899 1207 2140 1269 Joannis
2169 1209 2427 1286 Scoppae
2454 1208 2514 1267 in

397 1303 653 1365 eundem
701 1302 1193 1364 annotationibus.
1264 1302 1684 1363 venundantur
1725 1304 1786 1362 in
1835 1303 2061 1364 aedibns
2105 1304 2318 1363 Jodoci
2349 1302 2519 1364 Badii

402 1400 669 1460 Ascensii
703 1399 1053 1460 1523.—-lta
1086 1398 1541 1476 Hambergerus,
1567 1399 1641 1459 T.
1676 1417 1751 1459 11.
1782 1420 1843 1478 p.
1876 1409 1975 1469 72.

323 1503 479 1558 1525
524 1495 743 1554 Eadem
769 1515 842 1553 ex
871 1495 1034 1573 prelo
1062 1495 1443 1553 Ascensiano.
1473 1493 1565 1564 cf.
1596 1494 1827 1572 Engelii
1846 1495 2002 1555 Bibl.
2035 1495 2137 1554 sel.
2164 1514 2225 1573 p.
2259 1503 2394 1557 124.

313 1627 401 1642 -—
429 1592 637 1652 Colon.
668 1601 725 1653 8.
756 1591 985 1651 Persius
1014 1610 1070 1649 c.
1098 1591 1336 1651 scholiis
1362 1592 1458 1652 10.
1488 1590 1800 1652 Murmellii
1841 1599 1901 1650 et
1941 1591 2146 1650 Herm.
2175 1591 2412 1652 Buschii
2440 1591 2518 1656 ad

301 1753 308 1758 ,
399 1707 534 1747 eum
583 1687 851 1765 epistola.
925 1688 995 1746 V.
1041 1687 1196 1746 Bibl.
1244 1687 1598 1747 Ernestianae
1635 1689 1770 1748 Cat.
1817 1686 1982 1766 Lips.
2039 1696 2214 1757 1782.
2261 1707 2325 1766 p.
2382 1696 2513 1758 192.

400 1804 462 1843 n.
490 1792 670 1855 2898.

325 1888 481 1946 1527
523 1879 704 1938 Paris.
758 1887 813 1939 8.
864 1897 961 1957 ap.
992 1878 1147 1938 Rob.
1198 1879 1581 1958 Stephanum.
1625 1877 1854 1939 Persius
1898 1896 1956 1937 c.
2008 1877 2160 1937 notis
2210 1878 2322 1938 AEl.
2373 1881 2515 1938 Ant.

400 1973 814 2034 Nebrissensis.
2414 1989 2419 1994 ·

327 2078 482 2141 1529
524 2069 798 2129 Lucronii
844 2069 928 2145 (in
971 2068 1276 2146 Hispania)
1318 2078 1375 2129 8.
1427 2068 1656 2129 Persius
1703 2089 1760 2128 c.
1815 2088 1873 2128 n.
1917 2067 2049 2128 AElii
2094 2068 2244 2128 Ant.
2286 2068 2521 2129 Nebris-

399 2185 604 2226 sensis.

325 2269 474 2323 1531
525 2262 706 2320 Paris.
751 2269 810 2320 4.
855 2259 1084 2320 Persius
1136 2279 1192 2319 c.
1248 2259 1488 2320 scholiis
1540 2260 1639 2320 10.
1695 2259 2012 2336 Murmellii
2056 2271 2126 2328 et,
2160 2281 2258 2339 ep.
2317 2261 2518 2328 Herm.

399 2356 660 2427 Buschii,
690 2375 784 2434 ap.
814 2356 1314 2431 Christ.Wechel.

318 2486 402 2499 —-
432 2451 614 2513 Basil.
646 2461 700 2513 8.
735 2453 981 2511 PersinS.
1002 2449 1403 2525 vid.Goet2e‚
1433 2450 1555 2526 l.c.
1574 2449 1651 2509 T.
1683 2466 1731 2510 1.
1761 2470 1824 2529 p.
1856 2448 1994 2513 ⁵26.
2024 2470 2084 2510 n.
2115 2449 2256 2513 616.

330 2558 483 2610 1533
531 2548 776 2617 Eadem,
808 2548 955 2608 ibid.
979 2568 1076 2626 ap.
1099 2548 1279 2608 eund.

325 2654 482 2707 1538
525 2645 705 2706 Paris.
737 2654 792 2704 4.
827 2646 1053 2705 Persius
1082 2665 1138 2703 c.
1164 2644 1400 2706 scholiis
1421 2645 1514 2703 10.
1539 2643 1851 2703 Murmellii
1868 2652 1926 2703 et
1944 2661 2037 2720 ep.
2056 2643 2256 2702 Herm.
2280 2641 2521 2702 Buscbii

402 2762 474 2801 ex
504 2742 607 2801 off.
637 2741 947 2801 Christiani
975 2742 1235 2801 Wechel.
1265 2742 1363 2801 Cf.
1405 2743 1479 2800 ad
1517 2761 1615 2801 an.
1651 2750 1822 2802 1531.
1851 2748 1912 2800 et
1958 2738 2185 2818 Engelii
2229 2738 2380 2803 Bibl.
2413 2739 2522 2797 sel.

325 2846 328 2849 “
402 2858 466 2916 p.
498 2847 630 2899 128.
661 2840 973 2907 Banerum,
1000 2838 1079 2896 Τ.
1107 2854 1218 2898 111.
1245 2857 1307 2915 p.
1345 2838 1479 2900 186.
2474 2886 2485 2893 .

319 2967 404 2979 —-
432 2933 720 3004 Coloniae,
767 2942 820 2994 8.
857 2933 1028 2992 Persii
1072 2935 1295 3012 Satyrae
1336 2933 1765 2993 obscurissimae
1811 2931 2026 3010 alioqui
2064 2928 2526 2990 luculentissima

403 3030 672 3107 ecpbrasi
718 3040 777 3088 et
814 3029 1053 3089 scholiis
1091 3031 1186 3090 10.
1219 3031 1537 3090 Murmellii
1564 3030 1889 3089 illustrate.
1965 3032 2353 3088 Accesserunt
2379 3004 2525 3085 Des.

407 3126 651 3194 Erasmi,
702 3125 984 3184 Roterod.
1033 3127 1458 3186 Annotationes
1494 3135 1558 3187 et
1603 3126 1806 3185 Herm.
1854 3123 2095 3184 Buscbii
2136 3121 2409 3200 epistola,
2446 3120 2523 3179 ad

399 3221 840 3300 intelligentiam
875 3221 1048 3281 Persii
1076 3222 1320 3281 multum
1359 3222 1721 3281 conducens.
1798 3219 2065 3281 Coloniae
2105 3237 2237 3277 exc.
2263 3219 2522 3278 Joannes

407 3319 762 3397 Gymnicus,
814 3325 989 3378 1538.
1041 3320 1113 3376 V.
1142 3319 1276 3378 Cat.
1307 3318 1466 3378 Bibl.
1505 3319 1731 3376 Bunav.
1761 3316 1840 3375 T.
1880 3331 1929 3375 1.
1958 3313 2077 3374 vol.
2106 3329 2151 3372 1.
2181 3333 2243 3391 p.
2275 3318 2416 3372 345.
2444 3310 2525 3371 cs.

408 3432 588 3491 supra
611 3434 704 3472 an.
739 3421 893 3475 1522
922 3422 984 3471 et
1017 3421 1190 3474 1525.

298 3519 484 3571 ,1541
532 3512 813 3586 Antverp.
847 3519 903 3570 8.
927 3508 1173 3568 Persius.
1202 3510 1275 3570 V.
1298 3510 1434 3569 Cat.
1462 3507 1617 3568 Bibl.
1641 3506 1954 3584 Ultraject.
1983 3505 2042 3564 in
2074 3514 2129 3566 8.
2147 3523 2211 3582 p.
2248 3512 2383 3564 133.

331 3613 491 3667 1544
530 3609 686 3684 Aug.
716 3605 949 3665 Vindel.
978 3605 1083 3665 fol.
1113 3605 1341 3664 Persius
1369 3625 1425 3664 c.
1463 3603 1691 3674 Plautii,
1735 3600 2002 3670 Cornuti,
2031 3598 2286 3658 Britonis
2317 3618 2364 3658 s.
2395 3596 2525 3657 Bri-

407 3702 629 3762 tannici
660 3702 939 3772 Brixiani,
968 3710 1031 3761 et
1061 3700 1253 3761 Pontii
1281 3699 1748 3762 Commentariis.

331 3806 483 3860 1551
532 3798 709 3857 Basil.
741 3797 1124 3856 Frobeniana.
1155 3795 1258 3857 fot.
1292 3797 1464 3856 Persii
1509 3799 1734 3874 Satyra
1777 3813 1914 3853 cum
1942 3792 2175 3852 Comm.
2203 3792 2301 3851 10.
2329 3789 2523 3863 Badii,

405 3896 506 3954 10.
536 3894 869 3965 Britannici,
889 3895 921 3954 J
929 3914 986 3954 0.
1005 3895 1181 3971 Bapt.
1206 3893 1437 3963 Plautii,
1458 3894 1600 3954 Ant.
1623 3889 2042 3957 Nebrissensis,
2064 3888 2163 3947 10.
2191 3887 2530 3958 Murmellii,

402 3995 524 4051 Διο.
566 3990 709 4049 Filia
735 3990 911 4069 igitur
936 4000 1025 4051 est
1053 3991 1433 4050 Ascensianae
1456 4009 1473 4058 ;
1503 3989 1604 4050 sed
1630 3990 1687 4047 in
1715 4009 1788 4050 ea
1815 4000 1972 4047 notae
1997 3983 2394 4045 Nebrissensis
2410 4003 2529 4045 non

410 4096 547 4145 sunt
583 4087 844 4165 integrae.
1874 4158 1884 4173 ·

334 4189 490 4245 1553
531 4183 714 4242 Paris.
740 4193 796 4245 8.
827 4203 927 4262 ap.
947 4185 1207 4246 Wechel.
1238 4186 1471 4246 Persius
1498 4204 1557 4247 c.
1585 4204 1647 4246 n.
1670 4180 1993 4244 Murmellii
2010 4188 2071 4241 et
2092 4176 2311 4240 Emmi
2328 4174 2530 4237 Fabri·

410 4277 508 4340 cio
535 4290 909 4341 memoratur.
