3050 4913
537 394 625 455 68
1316 405 1387 454 A.
1436 386 1681 455 rssasn
1733 405 1991 455 rusco!

1200 974 1784 1074 SATIRA
1891 982 2086 1071 ΙΙΙ.

1367 1397 1912 1451 ARGUMENTUM.

608 1580 849 1637 Motum
871 1595 933 1631 ac
954 1578 1262 1632 desidiosam
1278 1580 1615 1644 juventutem
1634 1580 1939 1642 Romanam,
1959 1578 2143 1644 opibus
2162 1586 2220 1630 et
2239 1578 2511 1631 nobilitate
2533 1576 2746 1642 fretam,

544 1661 737 1711 acriter
754 1662 962 1710 Persius
979 1662 1076 1712 sub
1101 1676 1321 1727 persona
1344 1661 1631 1725 philosophi
1650 1661 1812 1711 Stoici
1833 1661 2158 1724 perstringit.
2201 1660 2590 1711 Sententiarum
2610 1659 2740 1709 ordo

536 1741 622 1790 hic
647 1748 743 1791 cst.
808 1741 1086 1791 nonniunt
1108 1743 1331 1806 juvenes
1359 1741 1626 1792 delicatuli
1661 1741 1712 1789 ln
1757 1743 1973 1792 multam
1994 1740 2147 1790 diem.
2171 1745 2256 1803 ⁴.;
2303 1740 2522 1790 excitati
2560 1753 2740 1789 somno

535 1821 724 1871 morosi
744 1829 978 1885 surgunt,
999 1822 1276 1886 accingunt
1295 1838 1351 1873 se
1383 1823 1569 1886 labori,
1592 1822 1908 1887 desidiaeque
1940 1822 2133 1872 crimen
2155 1822 2302 1872 vanis
2322 1820 2742 1871 excusationibus

536 1900 766 1965 effugere
791 1909 1014 1953 tentant.
1036 1907 1117 1953 1⁴.
1183 1904 1339 1954 Hauc
1363 1902 1613 1954 rationem
1636 1903 1887 1967 puerilem
1922 1917 2106 1967 magua
2136 1917 2252 1953 cum
2274 1903 2627 1965 indignatione
2654 1915 2741 1950 ex·

535 1982 753 2045 probrat
792 1981 1038 2045 magister
1076 1983 1287 2046 adultis,
1308 1990 1685 2048 monstratque,
1709 1998 1797 2033 eos
1831 1984 2163 2047 sibimetipsis
2182 1982 2341 2033 verba
2362 1983 2488 2031 dare
2509 1995 2616 2031 non
2637 1995 2744 2032 ma·

536 2061 718 2125 gistro,
739 2062 940 2127 sibique
974 2077 1166 2113 nocere
1201 2078 1398 2113 summa
1426 2062 1644 2113 mollitie
1665 2064 1995 2128 depravatos.
2032 2067 2115 2112 22.
2181 2061 2460 2113 Formandi
2492 2061 2743 2126 fingendi·

534 2156 636 2205 que
657 2141 723 2190 ad
747 2141 951 2191 virtutis
974 2151 1238 2207 precepta
1261 2143 1416 2192 animi
1455 2157 1593 2192 nuuc
1629 2143 1853 2192 maxime
1888 2151 2092 2207 tempus
2128 2144 2341 2192 instare.
2369 2147 2490 2201 24.;
2532 2140 2744 2191 divitias

532 2236 595 2273 ac
635 2221 961 2272 nobilitatem
1000 2223 1067 2271 ad
1106 2222 1239 2273 bene
1273 2224 1530 2287 beateque
1560 2223 1834 2273 vivendum
1859 2224 2063 2273 minime
2082 2222 2336 2274 sufficere.
2357 2227 2440 2273 29.
2508 2223 2741 2276 Quarum

533 2315 708 2352 rerum
730 2309 1059 2352 externarum
1093 2303 1420 2367 splendorem
1453 2305 1631 2354 oculos
1670 2304 1881 2370 quidem
1919 2310 2067 2369 p’osse
2101 2304 2452 2368 perstringere
2473 2302 2739 2367 imperito·

535 2397 668 2446 rum,
686 2382 936 2446 sapientis
956 2398 1057 2433 nou
1080 2385 1223 2434 item.
1247 2389 1328 2434 80.
1398 2385 1742 2435 Miseri-imam
1780 2399 1891 2435 esse
1923 2385 2277 2435 conditionem
2315 2397 2509 2447 eorum,
2549 2382 2636 2448 qui
2661 2395 2740 2431 re·

531 2464 658 2515 licta
682 2464 875 2514 virtute
897 2465 1112 2528 scirent,
1132 2466 1255 2530 qnid
1292 2466 1659 2530 perdidissent.
1695 2471 1777 2517 ³4.
1843 2468 1908 2517 Id
1932 2469 2068 2533 quod
2093 2469 2256 2532 magis
2280 2468 2567 2516 illustratur
2590 2463 2738 2513 brevi

531 2544 849 2609 digressione
870 2547 924 2595 iu
946 2547 1154 2596 virtutis
1175 2547 1525 2611 praestantiam
1549 2553 1604 2596 et
1623 2548 1953 2598 conscientie
1975 2549 2230 2610 stimulos,
2270 2547 2453 2613 quibus
2490 2546 2626 2594 illius
2649 2544 2738 2593 de-

537 2633 762 2676 sertores
785 2641 881 2675 ceu
902 2627 1171 2676 Furiarum
1192 2627 1341 2677 taedis
1364 2627 1709 2690 exagitantur.
1732 2630 1812 2677 ⁴8.
1879 2629 2210 2678 Communem
2228 2627 2436 2693 quidem
2460 2639 2739 2690 puerorum

530 2720 746 2768 morem,
763 2722 912 2771 quam
936 2708 1104 2757 aversi
1142 2721 1173 2755 a
1212 2709 1371 2757 rectis
1407 2709 1594 2758 studiis
1614 2723 1729 2775 esse
1757 2710 1976 2771 soleant,
2014 2707 2298 2774 quibusque
2332 2708 2488 2757 rebus
2524 2706 2739 2755 ludicris

532 2787 755 2837 maxime
791 2794 1087 2850 teneantur,
1124 2789 1363 2852 exemplo
1411 2802 1475 2836 ex
1506 2803 1600 2837 sua
1639 2790 1801 2852 ipsius
1841 2789 2064 2853 pueritia
2098 2788 2258 2838 ducto
2282 2787 2623 2838 demonstrat.
2655 2790 2740 2836 ⁵1.

532 2865 636 2917 Sed
655 2867 787 2926 illos,
810 2882 926 2916 cum
939 2868 1051 2931 jam
1072 2883 1139 2917 ex
1162 2868 1376 2932 ephebis
1398 2870 1739 2932 excesserint,
1780 2876 1936 2934 atque
1967 2869 2020 2918 id
2044 2869 2215 2919 aetatis
2238 2869 2359 2928 sint,
2391 2875 2448 2917 ut
2483 2872 2685 2916 rectum
2709 2880 2740 2914 a

530 2962 690 3012 pravo
722 2948 1023 3011 dignoscere
1046 2956 1255 3014 queant,
1279 2949 1604 3000 nihilominus
1633 2959 1804 2999 tamen
1828 2950 1959 2999 mira
1981 2949 2201 3015 quadam
2236 2948 2555 3013 negligentia
2577 2947 2628 2996 in
2653 2945 2741 2996 de·

531 3023 739 3093 l'igendo
761 3029 853 3078 sibi
878 3037 1021 3079 certo
1046 3031 1217 3095 aliquo
1239 3030 1362 3080 vitm
1386 3044 1577 3093 genere
1600 3045 1731 3092 esse,
1752 3029 1972 3095 ideoque
1994 3029 2106 3079 sine
2129 3029 2269 3079 omui
2292 3026 2456 3078 futuri
2476 3041 2620 3077 cura.
2654 3031 2738 3077 62.

530 3108 596 3158 In
621 3116 854 3173 tempore
875 3110 918 3158 si
950 3110 1257 3160 adhibeatur
1277 3110 1556 3171 medicina,
1577 3124 1816 3175 maguum
1840 3111 1952 3174 ejus
1970 3124 2118 3160 usum
2141 3124 2288 3170 esse;
2324 3107 2544 3172 perditis
2565 3115 2739 3157 autem

530 3190 691 3238 semel
729 3190 956 3240 moribus
995 3189 1268 3254 sapientiae
1310 3196 1578 3254 praecepta
1600 3204 1715 3239 raro
1747 3190 1962 3239 mederi.
1984 3195 2065 3240 70.
2135 3189 2506 3238 Doctrinarum
2531 3188 2740 3253 quidem

530 3269 765 3333 magistri
792 3284 823 3318 a
840 3271 1061 3335 stupidis
1084 3270 1332 3333 derideri,
1354 3272 1702 3335 tetricamque
1725 3271 1950 3334 ipsorum
1972 3286 2033 3320 ac
2055 3283 2309 3320 morosam
2344 3269 2738 3332 philosophiam,

529 3356 591 3399 ut
610 3351 766 3413 vulgo
788 3350 1117 3413 perhibeant,
1139 3364 1239 3399 non
1276 3351 1445 3400 curari
1479 3355 1598 3412 87ης
1633 3349 1872 3414 exemplo
1906 3356 2077 3399 tamen
2117 3348 2183 3397 ab
2225 3354 2422 3412 :egroto
2456 3354 2626 3396 sumto
2650 3347 2738 3396 de-

528 3438 801 3492 monstrat,
840 3445 992 3495 quam
1033 3431 1379 3494 periculosum
1416 3431 1505 3490 sit,
1544 3429 1731 3479 medici
1771 3429 1985 3478 consilia
2005 3429 2314 3492 neglexisse,
2350 3426 2737 3491 saepissimeque

529 3517 751 3560 mortem
771 3511 918 3575 hujus
953 3511 1221 3575 neglectus
1262 3524 1464 3574 poeuam
1490 3523 1622 3560 esse.
1659 3513 1770 3558 loo.
1837 3509 1912 3558 Ut
1934 3508 2166 3571 corporis
2185 3507 2351 3557 morbi
2373 3520 2738 3571 nonnunquam

526 3592 745 3654 lateant,
763 3606 927 3656 eoque
943 3591 1298 3641 vehementius
1319 3591 1422 3639 vim
1437 3605 1580 3639 suam
1601 3589 1774 3638 subito
1793 3603 2008 3638 exerere
2029 3589 2257 3637 soleant:
2302 3588 2379 3637 sic
2403 3587 2562 3636 etiam
2582 3587 2737 3636 aniuii

526 3672 917 3734 commotiones,
956 3673 1228 3721 occasione
1265 3671 1472 3733 oblatae,
1511 3671 1775 3720 solere-se
1809 3670 2102 3721 ostendere.
2126 3672 2237 3718 111.
2306 3669 2553 3732 Magnam
2578 3668 2738 3733 igitur

525 3766 700 3801 curam
725 3753 868 3802 nobis
890 3752 1232 3802 adhibendam
1257 3765 1390 3814 esse,
1414 3760 1492 3813 ut,
1514 3751 1715 3800 etiamsi
1741 3751 1840 3801 vim
1882 3750 2101 3815 alicujus
2121 3748 2285 3798 morbi
2311 3762 2412 3797 nou
2436 3748 2737 3810 sentiamus,

523 3844 724 3881 omnem
750 3839 919 3882 tameo
944 3832 1263 3896 diligentiam
1285 3832 1338 3880 iu
1377 3828 1757 3893 nobismetipsis
1798 3831 2028 3882 tutandis
2069 3829 2359 3895 futurisque
2398 3829 2592 3880 morbis
2616 3843 2732 3879 cuia

524 3913 758 3976 corporis
779 3921 890 3963 tum
910 3913 1061 3962 animi
1079 3912 1402 3964 occurrendo
1426 3923 1699 3978 ponamus.
