3050 4913
535 354 670 421 132

1294 369 1364 419 A.
1416 369 1662 420 Pssltsu
1715 371 1977 423 unaco!

539 518 561 549 ‘
593 513 912 581 Vindicta
935 520 1294 601 postquam
1320 534 1510 580 meus
1540 534 1584 580 a
1609 522 1895 601 praetore
1922 516 2187 595 recessi,

538 614 678 683 Cur
703 616 866 682 mihi
893 636 1023 683 non
1050 618 1271 696 liceat,
1289 617 1501 702 jussit
1525 615 1991 702 quodcumque
2017 617 2349 695 voluntas,

537 718 868 804 Excepto,
897 720 958 784 si
986 719 1146 803 quid
1177 718 1440 785 Masuri
1465 720 1737 784 rubrica
1760 720 2012 785 vetavit
2033 717 2085 782 'l'

538 915 670 980 acet,
689 919 828 978 egat
847 918 963 965 coln.
1029 917 1222 965 Verum
1244 915 1524 975 enimvero,
1552 930 1615 964 ex
1647 930 1739 978 quo
1770 928 1901 963 neus
1930 913 2090 978 prodii
2109 914 2393 976 «Praene,

535 951 1133 1045 qam-{mmmmm
1165 980 1233 1030 sie
1269 978 2339 1046 quicquidphuitarbitriomeo,exci1dosi

2656 720 2746 785 90

2481 928 2746 992 reu-gan,

2420 994 2748 1044 mm

1538 1140 1754 1195 1⁴10?AE

601 1270 665 1318 88
704 1267 928 1318 Vindicta
944 1272 1200 1333 postquam,
1219 1265 1324 1333 ξω]
1388 1267 1467 1316 Μ.
1490 1268 1598 1318 Da-

536 1357 622 1393 ma
671 1342 891 1393 necdum
947 1343 1223 1393 advertens
1269 1341 1599 1407 paralogismi

532 1418 613 1471 sui
634 1418 815 1469 vitium
831 1424 886 1468 et
902 1432 1127 1468 errorem
1147 1435 1161 1467 ι
1196 1432 1356 1482 seque
1373 1432 1405 1467 a
1418 1417 1596 1468 Stoico

534 1496 800 1559 vapulare,
853 1493 921 1542 ob
973 1494 1287 1558 equivocam
1337 1491 1597 1542 libertatis

534 1571 909 1633 acceptionem,
930 1570 1102 1634 pergit
1118 1567 1466 1634 argumentari
1484 1582 1600 1632 por-

532 1659 593 1695 ro
616 1661 647 1695 a
668 1644 913 1695 libertate
938 1644 1167 1709 corporis
1188 1643 1253 1693 ad
1272 1642 1428 1692 animi
1449 1642 1599 1691 liber·

533 1729 730 1773 tatem:
788 1720 1034 1786 quocirca
1076 1734 1179 1769 non
1220 1719 1332 1769 sine
1372 1717 1598 1768 ludibrio

532 1797 811 1861 excipitur.

606 1871 847 1935 Vindicta]
895 1872 911 1900 ‘
934 1873 1097 1938 Virga
1137 1879 1239 1935 est,
1268 1886 1382 1936 quae
1421 1884 1596 1920 manu-

531 1948 771 1999 mittendi
795 1964 826 1998 a
850 1949 1084 1998 Proetore
1105 1948 1158 1997 in
1190 1948 1362 2012 capite
1394 1947 1597 2011 pulsan·

532 2029 636 2085 tur,
659 2023 775 2073 ideo
797 2024 958 2082 dicta,
995 2023 1132 2088 quod
1164 2038 1253 2073 eos
1288 2022 1514 2072 vindicat
1537 2022 1597 2071 li·

534 2098 758 2149 bertati.'
831 2101 978 2150 Vett.
1019 2100 1194 2150 Gloss.
1231 2099 1385 2149 Titus
1423 2106 1596 2149 autem

531 2175 706 2225 Livius
748 2188 811 2226 ιι.
856 2182 902 2225 5.
940 2175 1016 2225 ita
1060 2181 1412 2239 nuncupatam
1451 2175 1527 2224 ait
1564 2190 1598 2225 a

530 2249 774 2300 Vindicio
798 2265 970 2313 servo,
1007 2251 1097 2316 qui
1119 2251 1313 2314 primus
1347 2249 1597 2301 libertate

531 2327 682 2377 simul
720 2335 776 2378 et
810 2328 1024 2377 civitate
1057 2327 1278 2376 donatus
1317 2326 1383 2376 ob
1420 2324 1599 2375 detec-

533 2412 642 2453 tam
668 2402 1096 2469 conjurationem.
1177 2403 1319 2453 HInc
1340 2417 1466 2454 vero
1485 2417 1598 2451 san-

532 2479 712 2539 citum.
736 2486 795 2530 ut
829 2480 1032 2544 quoties
1055 2494 1231 2530 servus
1269 2480 1456 2545 aliquis
1491 2494 1595 2529 mn·

530 2556 917 2620 numitteretnr,
937 2562 1096 2620 eaput
1117 2556 1230 2621 ejus
1260 2555 1445 2606 bs‘culo
1485 2563 1596 2606 tan·

531 2639 762 2698 geretur,
816 2633 869 2683 in
923 2633 1219 2683 memoriam
1274 2640 1592 2684 conservatae

533 2709 738 2774 Populo
761 2709 989 2758 Romano
1028 2722 1123 2773 per
1153 2722 1360 2759 servum
1383 2708 1595 2759 liberta·

531 2784 617 2835 tis.
686 2817 695 2825 -

596 2860 737 2910 Meus
767 2876 800 2909 a
823 2863 1026 2924 pretore
1057 2858 1248 2923 recessi]
1314 2860 1425 2910 Mei
1457 2861 1595 2925 juris

531 2933 704 2986 factus
738 2950 849 2984 sum
882 2936 1014 2986 liber
1049 2942 1105 2985 et
1143 2935 1269 2986 civis
1313 2936 1595 2987 Romanus.

532 3010 743 3060 Pru-tor
763 3011 899 3060 enim
932 3012 1070 3060 servi
1105 3022 1265 3076 cspnt
1296 3011 1495 3075 virgula
1516 3011 1593 3062 fe-

533 3084 670 3136 riens
707 3087 1092 3149 pronuntiabat,
1110 3093 1207 3136 esec
1243 3087 1391 3136 liber.-
1440 3101 1593 3150 porro

532 3155 620 3226 qui
646 3161 869 3213 vindicta
895 3164 1250 3227 manumissus,
1272 3163 1315 3211 is
1338 3176 1437 3211 uua
1473 3177 1593 3213 cnm

527 3238 770 3288 libertate
803 3238 1068 3288 civitatem
1107 3239 1386 3288 Romanam
1419 3252 1595 3288 conse·

534 3315 807 3379 qnebstur.
887 3314 997 3363 Tit.
1030 3314 1142 3365 Liv.
1170 3313 1324 3364 Ale'x.
1350 3313 1416 3364 ab
1438 3315 1592 3365 Alex.

531 3390 660 3440 locis
674 3389 783 3454 jam
803 3388 977 3440 citatis
1000 3388 1088 3440 lib.
1115 3403 1189 3440 tv.
1211 3405 1328 3454 cap.
1357 3395 1436 3439 10.
1460 3393 1560 3440 dec.

594 3470 659 3516 89
713 3468 815 3516 Cur
846 3465 964 3515 milti
999 3480 1092 3515 noa
1123 3467 1286 3527 licent,
1313 3465 1422 3529 ξω]
1488 3466 1594 3515 Ad-

528 3549 676 3593 verte
721 3542 1068 3608 arrogantiam
1108 3548 1164 3592 et
1201 3542 1497 3607 snperbiam
1541 3543 1593 3592 in

528 3620 701 3669 verbis
723 3621 894 3670 Marci
919 3621 1120 3670 Dsmae.

593 3700 657 3745 90
717 3697 923 3760 Excepto
958 3698 1001 3744 si
1035 3696 1165 3760 quid,
1199 3695 1308 3759 qma]
1376 3694 1595 3757 Excipio

530 3772 637 3833 illa,
664 3789 776 3836 quae
802 3774 998 3836 legibus
1022 3781 1077 3822 et
1093 3775 1214 3837 jure
1238 3778 1357 3822 sunt
1379 3771 1561 3821 vetita.

595 3849 806 3911 Masuri]
819 3855 832 3875 ⁶
848 3850 1105 3897 Masurius
1117 3849 1198 3897 hic
1209 3848 1431 3897 Sabinus
1442 3847 1594 3908 Legis

532 3921 806 3972 Consultus
830 3922 957 3971 fuit!
1022 3925 1167 3974 Vett.
1191 3925 1333 3974 Glos.
1417 3924 1593 3987 Eques

529 4006 647 4049 erat
699 3999 977 4059 Romanus,
1019 3999 1212 4047 Tiberii
1258 3998 1595 4063 Imperatoris

532 4083 783 4139 tempore,
816 4074 1056 4122 doctriua
1093 4077 1295 4134 clarus;
1362 4082 1593 4123 ceterum

529 4150 680 4199 valde
712 4163 927 4214 pauper.
1013 4149 1135 4213 Ejus
1172 4149 1404 4198 meminit
1435 4150 1594 4213 Agel-

526 4229 627 4279 lius
644 4243 697 4281 v,
721 4233 802 4280 19.
821 4235 879 4279 et
902 4227 1042 4279 alibi.
1109 4226 1267 4295 Apud
1286 4226 1593 4279 Athenoeum

1674 1266 1763 1316 lib.
1787 1278 1901 1316 nv.
1939 1270 2000 1315 nt
2038 1264 2118 1314 vir
2137 1264 2289 1327 longe
2310 1260 2537 1327 optimus
2575 1269 2632 1312 et
2665 1278 2745 1313 sa-

1675 1340 1824 1405 piens
1873 1343 2151 1405 legumque
2199 1337 2469 1403 Interpres
2524 1338 2744 1389 eximius

1674 1416 1988 1466 celebratur.

1740 1490 1974 1554 Rubi-ica]
2019 1490 2158 1543 Quid
2187 1488 2398 1554 proprie
2420 1488 2488 1540 sit
2509 1488 2746 1552 Rubi-ica,

1675 1568 1808 1619 dixit
1821 1571 1929 1619 Sat.
1955 1581 1993 1618 ι.
2020 1568 2036 1596 ‘
2057 1567 2308 1618 Rubrieas
2331 1567 2505 1617 vocari
2529 1568 2742 1617 minium

1675 1658 1776 1708 quo
1792 1643 1930 1692 tituli
1948 1643 2118 1707 legum
2130 1643 2511 1693 mactabantur
2526 1642 2563 1704 ς’
2595 1644 2746 1693 aiunt

1675 1718 1757 1769 hic
1779 1726 1981 1768 veteres
2019 1716 2190 1769 Gloss.
2225 1724 2280 1768 et
2312 1717 2547 1770 Turneb-
2585 1732 2666 1769 tv.
2691 1725 2742 1769 6.

1675 1793 1875 1843 scilicet
1897 1790 1964 1843 ob
1988 1784 2204 1843 similem
2241 1794 2470 1843 colorem
2506 1793 2741 1844 rubeum.

1672 1871 1914 1941 Juvenal.
1949 1871 2062 1920 Sat.
2100 1882 2220 1923 xiv·
2256 1874 2272 1900 ‘
2298 1870 2522 1934 Perlege
2563 1870 2746 1920 rubras

1674 1938 1933 2009 MaJorum
1957 1944 2132 2010 leges!
2201 1946 2386 2010 Neque
2410 1960 2532 1994 vero
2570 1946 2744 2011 legum

1677 2028 1896 2083 tantum,
1915 2022 2007 2071 sed
2044 2028 2099 2072 et
2139 2021 2364 2070 omnium
2400 2036 2516 2086 qnoe
2553 2021 2749 2071 scribe-

1674 2098 1802 2148 bant
1818 2098 1960 2161 olim,
1977 2096 2135 2160 tituli,
2170 2097 2346 2161 capita
2383 2106 2442 2147 et
2479 2097 2632 2147 initia
2665 2113 2751 2147 rn-

1673 2175 1769 2225 bra
1791 2182 1956 2238 erant,
1986 2190 2076 2225 sen
2114 2174 2270 2224 minio
2307 2188 2399 2224 seu
2438 2176 2745 2240 purpurisso

1674 2259 1873 2301 notata.
1952 2252 2115 2301 Patet
2138 2265 2205 2300 ex
2227 2250 2387 2301 Ovid.
2409 2251 2568 2301 Trist.
2592 2251 2685 2300 lib.
2708 2266 2748 2302 t.

1674 2328 1810 2392 eleg.
1851 2333 1896 2377 1.
1929 2329 1946 2356 ⁴
1971 2328 2087 2377 Nee
2121 2327 2303 2377 titulus
2341 2327 2517 2389 minio,
2537 2342 2638 2376 nec
2665 2343 2748 2377 ce-

1675 2404 1770 2453 dro
1793 2404 1974 2454 charta
1996 2402 2245 2453 notetur-⁹
2327 2404 2399 2453 Et
2423 2403 2656 2453 Martial.
2678 2403 2745 2452 E-

1676 2482 1941 2545 pigramm.
1982 2494 2070 2529 m.
2109 2482 2160 2529 2.
2206 2481 2223 2508 ⁸
2248 2480 2319 2528 Et
2352 2492 2514 2529 cocco
2554 2478 2747 2529 rubeat

1676 2559 1930 2622 superbus
1971 2555 2177 2606 Index!
2255 2555 2409 2608 Quod
2445 2565 2622 2606 autem
2661 2555 2745 2604 hie

1676 2632 2010 2683 casaubonus
2044 2631 2112 2681 de
2148 2643 2272 2680 cera
2300 2629 2517 2678 miniata
2534 2630 2745 2679 commi-

1672 2709 1910 2771 niscitur,
1932 2723 2032 2757 non
2054 2720 2326 2773 perperam
2348 2705 2556 2755 videtur
2570 2720 2750 2770 repre-

1672 2788 1887 2837 hensum
1932 2801 1964 2835 a
2000 2784 2266 2845 Mamilio,
2304 2781 2388 2848 qni
2430 2787 2579 2832 notat
2629 2797 2745 2831 eam

1673 2862 1950 2929 signatioui
2005 2876 2109 2911 non
2163 2859 2432 2925 scriptioni
2484 2859 2745 2910 idoneam.

1673 2939 1812 2992 Quid
1837 2940 2043 2989 autem?
2088 2939 2215 2987 Viro
2251 2938 2330 2986 vir
2368 2938 2611 2987 occinere
2640 2953 2745 2987 non

1673 3021 1884 3064 veretur
1905 3028 2023 3063 cum
2044 3013 2263 3062 Satin-ico
2284 3029 2299 3073 ς
2344 3012 2493 3062 Disce
2508 3011 2534 3062 !
2563 3015 2649 3062 scd
2669 3013 2748 3063 ira

1670 3092 1824 3139 ndat.
1894 3090 2049 3141 Certe
2092 3089 2236 3139 favet
2263 3089 2464 3139 Critico
2494 3088 2746 3140 adversus

1674 3166 1929 3216 criticum
1946 3166 2212 3217 Vitruvius
2239 3181 2319 3216 rx.
2344 3171 2392 3218 ⁸.
2427 3167 2516 3216 nbi
2541 3167 2616 3217 sit
2637 3167 2744 3217 De-

1673 3243 1942 3292 mocritum
1979 3244 2168 3293 annulo
2207 3244 2413 3308 signare
2447 3244 2658 3294 solitum
2679 3260 2748 3295 ea

1673 3327 1787 3383 ηοω
1812 3325 2060 3383 expertus
2098 3327 2253 3381 esset,
2287 3332 2411 3368 cera
2450 3334 2520 3369 ex
2557 3321 2746 3379 milto;

1670 3394 1727 3444 id
1744 3401 1841 3457 est,
1862 3395 2039 3454 minio,
2057 3409 2148 3444 seu
2173 3403 2294 3444 cera
2314 3394 2546 3444 miniata.
2604 3396 2745 3446 Nam

1674 3477 1734 3520 ut
1769 3470 1928 3520 habet
1981 3470 2122 3520 Pliu.
2163 3481 2368 3521 xxxm.
2404 3475 2456 3521 ⁷.
2508 3473 2524 3499 ‘
2549 3472 2746 3521 Milton

1674 3545 1854 3596 Graeci
1909 3551 2100 3596 vocant
2152 3545 2402 3596 minium.’
2503 3545 2647 3598 Quid
2679 3548 2750 3597 sit

1672 3620 1828 3671 etiam
1851 3635 1971 3670 cers
1995 3621 2227 3683 miniuta,
2248 3628 2305 3684 et
2329 3622 2463 3685 qnod
2486 3623 2746 3673 notationi

1674 3703 1730 3746 et
1774 3710 2009 3745 eensnrae
2051 3696 2193 3745 utilis
2238 3705 2397 3759 esset,
2440 3711 2543 3746 non
2583 3698 2751 3763 scrip-

1678 3772 1825 3834 tioni,
1850 3779 2034 3836 aperte
2068 3772 2301 3822 declarat
2320 3773 2518 3823 Tullius
2548 3775 2615 3823 ad
2650 3774 2748 3824 At-

1677 3848 1855 3896 ticum.
1922 3848 2009 3897 Sic
2041 3847 2202 3897 habet
2226 3848 2317 3898 lib.
2343 3862 2458 3898 xvr.
2481 3851 2640 3914 epist.
2666 3855 2749 3901 11.

1673 3926 1691 3952 ⁴
1717 3925 1964 3974 Nostrum
2009 3938 2138 3988 opus
2185 3925 2279 3974 tibi
2321 3925 2534 3989 probari
2572 3926 2748 3988 letor,

1675 4013 1740 4047 ex
1765 4014 1868 4064 quo
1903 4008 2024 4049 ante
2064 4003 2176 4064 ipse
2216 3999 2453 4065 posuisti,
2472 4015 2591 4066 quas
2623 4004 2747 4052 mibi

1676 4072 1979 4125 florentiors
2003 4083 2123 4126 sunt
2149 4075 2256 4125 visa
2269 4076 2472 4140 judicio
2493 4086 2603 4129 tuo.
2651 4081 2747 4130 Ce-

1677 4151 1815 4199 rulas
1838 4151 1973 4201 enim
1999 4157 2113 4201 tuas
2134 4150 2430 4201 miniatulss
2464 4152 2580 4202 illas
2616 4154 2748 4204 exti-

1676 4226 2009 4278 mescebam·
2097 4228 2168 4277 Et
2204 4226 2297 4278 lib.
2337 4240 2429 4278 xv,
2467 4229 2626 4293 epist.
2665 4233 2743 4279 14.
