3050 4913
1140 415 1387 465 PERSH

326 562 569 627 πρόσωπα.
606 552 1013 613 ecnubere—Ad
1038 561 1280 622 caniciem,
1297 558 1402 620 ξω]

328 643 493 691 Senes
528 641 779 690 describit
803 655 833 688 a
855 639 1031 702 Signo,
1054 638 1106 686 id
1130 644 1231 697 est,
1251 636 1402 686 Cani-

330 718 423 777 tie‚
446 726 501 768 et
526 715 761 767 Effectu:
797 715 849 763 id
868 721 966 777 est,
986 714 1119 763 tristi
1142 720 1196 762 et
1219 724 1399 761 severa

329 797 456 845 vita.
515 794 1012 853 Labra-Nostrum,
1033 789 1139 854 ξω]
1212 788 1402 850 Figura

328 874 518 922 Graeca
537 879 636 933 est,
654 886 744 934 pro
762 877 989 918 nostram
1012 869 1164 916 vitam
1181 866 1399 915 tristem.

337 952 445 1001 Vc!-
469 949 581 999 Sch.

397 1032 459 1076 10
498 1027 565 1074 Et
586 1024 797 1084 nucibus,
817 1022 919 1086 εἷα]
979 1022 1098 1070 Non
1122 1026 1399 1069 contentus

329 1103 491 1166 poeta
514 1102 820 1165 simpliciter
854 1100 1046 1159 dicere,
1080 1098 1235 1145 vitam
1268 1097 1399 1145 male

330 1181 395 1229 ab
451 1180 577 1243 ipsis
634 1177 901 1227 collocari:
960 1175 1178 1236 amplius
1231 1172 1399 1234 addit,

332 1266 495 1306 totam
520 1273 548 1305 a
574 1254 873 1305 carceribus
895 1251 959 1300 ad
987 1257 1205 1311 mctam;
1254 1248 1395 1312 quod

330 1333 442 1396 ipse
466 1332 702 1396 designat
740 1340 974 1378 extrema
1013 1328 1148 1376 illius
1182 1339 1397 1391 ponens,

329 1408 724 1457 adolescentiam
750 1414 802 1457 et
823 1411 1156 1454 senectutem.
1218 1401 1399 1449 virilia

331 1500 456 1547 ergo
478 1485 647 1533 studia
668 1491 721 1533 et
746 1483 1018 1533 transitum
1055 1498 1084 1531 a
1115 1480 1397 1545 puerilibus

330 1560 478 1623 nugis
520 1559 584 1607 ad
632 1559 854 1607 virorum
899 1572 1065 1618 curas,
1120 1557 1216 1605 hac
1264 1555 1397 1620 peri·

333 1636 505 1700 phrasi
545 1636 818 1699 expressit.
912 1635 1070 1683 Nnces
1108 1634 1281 1696 itaque
1325 1647 1398 1681 re·

330 1715 538 1775 linquere
576 1712 729 1771 dixit,
768 1727 862 1776 pro
887 1710 963 1757 vir
996 1708 1129 1770 fieri,
1154 1717 1206 1757 et
1230 1709 1397 1756 virilia

328 1790 536 1853 negotia
560 1804 850 1853 capessere.
912 1787 1395 1837 cannabum—Nuce·-

329 1866 412 1914 bus
423 1864 652 1929 facimus]
686 1867 813 1915 Cum
835 1864 1032 1913 videam
1054 1879 1140 1914 eos
1161 1863 1395 1927 improbe

330 1958 504 2007 agere,
522 1946 607 2007 qui
628 1943 840 1991 nucibus
866 1950 917 1990 et
941 1942 1223 2005 puerilibus
1247 1941 1398 2002 nugis

331 2020 525 2068 relictis
590 2020 783 2068 virilem
846 2018 1119 2066 sumserint
1184 2025 1391 2080 togam:

330 2104 387 2143 et
421 2109 548 2160 qnos
583 2095 694 2158 jam
729 2109 883 2143 canos
920 2094 1207 2142 existentes
1243 2107 1397 2154 sapu-

329 2171 428 2221 isse
471 2170 724 2234 oportuit,
760 2184 855 2219 nec
903 2169 1231 2228 carminibus,
1283 2183 1397 2231 quae

323 2250 573 2362 juzenum
617 2251 756 2298 lusus
782 2255 919 2311 sunt,
943 2246 1217 2296 immorari.
1275 2246 1397 2294 Far-

333 2330 391 2362 na
429 2350 442 2363 .

320 2422 327 2425 v
398 2395 455 2439 11
496 2388 757 2454 Cum,s·c.]
813 2388 899 2437 Sic
940 2388 1153 2437 Cicero:
1199 2384 1394 2448 Objur-

329 2468 472 2528 gravit
520 2469 755 2527 Caelium,
811 2473 869 2516 ut
912 2466 1119 2530 quidam
1183 2472 1396 2527 patruus

332 2544 548 2592 Censor.
576 2544 679 2592 Vet.
702 2543 1026 2600 Sem—Cum,
1046 2541 1152 2603 ξω]
1193 2541 1397 2591 Quarta

330 2635 508 2668 senum
546 2626 666 2668 nota
706 2620 771 2668 ab
813 2618 1056 2681 adjuncta
1093 2618 1392 2665 severitate.

330 2695 459 2744 tium
498 2710 671 2744 snmus
707 2708 949 2743 censores
981 2699 1034 2741 et
1060 2693 1396 2755 castigatores

324 2771 605 2832 minorum,
645 2785 758 2820 cnm
789 2771 1009 2830 honesti,
1044 2768 1218 2817 tetrici
1242 2775 1295 2816 et
1320 2781 1397 2815 se-

326 2847 438 2896 veri
456 2862 653 2896 morum
668 2857 906 2896 censores
927 2859 1118 2907 sumus,
1137 2852 1191 2892 et
1207 2842 1301 2891 viri
1319 2857 1398 2892 se·

334 2925 443 2973 veri
486 2924 768 2973 existimari
811 2923 1056 2971 volumus.
1140 2921 1266 2969 Cum
1308 2919 1398 2968 illa

322 3003 435 3064 jam
469 3009 628 3049 aetatc
654 3015 846 3058 smnus,
887 3006 943 3048 et
980 2998 1029 3045 in
1071 2997 1283 3045 aliorum
1314 2995 1398 3058 ju-

333 3079 533 3127 niornm
562 3078 719 3126 vitam
744 3085 798 3125 et
819 3091 986 3125 mores
1005 3072 1294 3124 accuratius
1315 3073 1398 3121 de·

328 3155 569 3204 berennus
609 3150 1196 3219 inquiram—Sapientis]
1264 3150 1397 3216 Tan:

327 3240 437 3280 tum
491 3233 714 3281 adsimus
771 3236 1017 3296 quantum
1070 3226 1263 3291 patrui,
1319 3226 1400 3275 vel

328 3327 446 3360 cum
493 3315 918 3373 repraesentamus
957 3313 1013 3354 et
1055 3302 1198 3367 quasi
1255 3301 1402 3351 redo-

327 3393 495 3439 lemus
537 3395 768 3452 patruos,
802 3385 851 3432 id
891 3393 993 3443 est,
1029 3394 1288 3440 censores,
1310 3377 1401 3426 ob-

321 3468 643 3530 jurgatores.
700 3461 974 3511 Horatius:
1025 3458 1141 3506 ‘Ne
1185 3456 1253 3503 sis
1309 3469 1398 3518 pa·

332 3551 479 3591 truus
495 3536 962 3600 mihist—Summus]
995 3532 1302 3584 Subtumida
1316 3538 1399 3581 est

327 3616 660 3682 reprehensio
700 3616 749 3663 in
793 3615 959 3678 prima
995 3626 1227 3676 persona.
1309 3609 1396 3657 Vi·

325 3695 516 3743 dentur
548 3695 659 3741 lnaec
692 3692 881 3751 omnia,
919 3689 983 3737 ab
1023 3702 1181 3752 usque
1203 3688 1285 3735 sed
1309 3685 1397 3746 fas

327 3778 455 3832 tunc,
476 3786 575 3820 non
603 3771 779 3832 inepte
801 3768 904 3816 dici
925 3781 1072 3831 posse
1092 3780 1155 3814 ex
1177 3778 1399 3828 persona

329 3847 622 3908 Monitoris,
661 3846 865 3908 poe'tam
904 3843 1176 3902 monentis,
1211 3855 1275 3890 ne
1301 3840 1396 3889 sibi

316 3924 528 3985 juvenis
567 3923 857 3971 censoriam
902 3919 1121 3981 arripiat
1166 3917 1397 3978 virgam3

328 3999 539 4061 majoris
563 3997 676 4048 fore
702 3997 1027 4046 auctoritatis
1051 4003 1103 4045 et
1136 3993 1397 4058 ponderis,

326 4077 368 4124 si
393 4076 598 4139 quando
621 4090 866 4125 canorum
891 4081 944 4123 et
963 4087 1208 4122 annorum
1232 4070 1395 4135 gravi-

328 4158 438 4200 tate
477 4151 783 4215 spectabilis
814 4159 867 4199 ct
901 4148 1171 4209 verendus,
1192 4149 1245 4196 in
1270 4147 1395 4195 vitia

327 4227 617 4276 invehatur.
659 4227 1084 4286 Fornab.--Tunc,
1117 4225 1249 4288 tunc]
1301 4224 1394 4272 Est

324 4307 469 4371 quasi
488 4305 768 4357 ‚conclusio
791 4304 1064 4368 syllogismi
1097 4300 1392 4367 superioris.

2421 387 2553 452 197

1480 555 1642 608 Quasi
1679 553 1852 602 dicat:
1895 553 2044 601 Tunc
2070 547 2449 599 demum'video
2472 545 2550 595 fas

1481 647 1616 693 esse,
1651 641 1775 682 tunc
1801 630 1951 680 video
1976 642 2176 692 aequum
2201 640 2330 686 esse,
2364 633 2424 674 ut
2460 625 2552 672 Sa-

1478 704 1648 772 tyrum
1690 707 1936 756 scribam:
1989 706 2129 767 Ergo
2162 703 2403 764 Satyram
2429 699 2551 748 scri·

1480 786 1615 835 bam.
1650 783 2044 842 Lama—rm,
2077 778 2205 841 cum]
2237 799 2241 803 ·
2275 778 2426 826 Titne
2467 775 2545 825 fas·

1480 878 1594 912 esse
1620 863 1819 926 judico,
1850 860 2032 909 urbem
2067 859 2280 907 Romam
2317 854 2544 916 satyrico

1481 940 1590 987 sale
1610 937 1892 986 defricare.
1950 934 2249 984 Orationem
2269 930 2549 994 abrumpit,

1481 1015 1627 1078 quasi
1657 1028 1765 1077 prae
1784 1012 2050 1061 stomacho
2072 1011 2215 1073 plura
2234 1022 2336 1056 non
2357 1016 2549 1069 posset.

1481 1088 2074 1148 Cannaban—Ignoscite,
2122 1083 2250 1146 noto]
2322 1083 2552 1132 Excusat

1478 1180 1603 1230 ergo
1621 1180 1676 1215 se
1692 1171 1747 1214 et
1764 1172 1898 1225 orat,
1915 1170 1973 1212 ut
1991 1161 2090 1211 sibi
2112 1159 2305 1209 nolenti
2326 1158 2550 1223 quidem,

1477 1243 1569 1292 sed
1614 1249 1798 1292 coacto
1836 1242 2074 1304 satyram
2117 1237 2441 1288 conscribere
2476 1237 2550 1299 ig·

1475 1326 1714 1370 noscant.
1789 1318 1851 1368 Id
1895 1324 1991 1377 est,
2039 1315 2301 1380 Ignoscite
2342 1314 2481 1374 milii,
2517 1328 2548 1361 o

1475 1396 1713 1456 Romani,
1749 1409 1847 1457 ego
1881 1393 2002 1442 nolo
2028 1391 2234 1456 quidem
2258 1388 2348 1436 sed
2373 1402 2547 1450 cogor.

1475 1471 1654 1520 Lubiu.
1722 1471 1819 1519 Vel
1859 1470 2056 1519 veniam
2080 1465 2206 1516 facti
2230 1463 2385 1529 petit,
2408 1464 2544 1529 quod

1474 1549 1607 1599 alter
1622 1548 1789 1597 ‘verbo
1813 1553 1987 1611 negat.

1543 1630 1605 1675 12
1642 1623 2114 1685 Quidsaciom,&c.]
2169 1618 2331 1671 Quasi
2371 1618 2541 1666 dicat:

1475 1702 1585 1764 Ego
1607 1702 1723 1749 nolo
1747 1699 1978 1765 quidem,
2015 1697 2107 1746 sed
2132 1710 2322 1759 cogor:
2361 1695 2543 1757 probat

1474 1778 1546 1826 id.
1614 1776 1752 1829 Quid
1789 1776 1925 1823 enim
1951 1773 2158 1834 faciam,
2184 1770 2439 1837 quomodo
2463 1786 2544 1819 me

1473 1852 1750 1902 continebo
1794 1859 1849 1900 et
1889 1849 2208 1912 temperabo,
2248 1848 2286 1895 si
2312 1848 2362 1897 in
2389 1848 2542 1895 risum

1473 1946 1583 1979 sum
1609 1929 1866 1989 lascivior,
1883 1928 1923 1976 si
1948 1942 2058 1976 sum
2078 1934 2134 1974 ut
2154 1941 2282 1984 sum,
2303 1924 2369 1972 ad
2391 1924 2542 1972 risum

1472 2009 1766 2072 Satyricnm
1793 2004 2048 2070 profusior
2067 2002 2419 2063 i—Petulanh',
2437 2001 2544 2064 Esau]

1475 2083 1742 2133 Cachinno
1787 2096 1973 2131 nomeu
2017 2087 2116 2139 est,
2157 2086 2212 2128 et
2250 2079 2545 2129 declinatur

1475 2174 1571 2223 per
1599 2174 1775 2208 omncs
1807 2173 1977 2219 casus,
2014 2157 2091 2206 hic
2117 2155 2372 2215 Cachinna),
2406 2155 2547 2215 hujus

1478 2237 1809 2285 Cachinnonis.
1880 2235 2168 2284 Cachinnns
2186 2240 2260 2282 est
2280 2246 2397 2281 cum
2416 2246 2543 2280 voce

1473 2314 1607 2362 risus
1630 2313 1890 2374 lascivior,
1926 2326 2076 2375 quem
2101 2308 2275 2358 Graeci
2301 2308 2327 2335 ⁸
2349 2305 2545 2368 μονογέ·

1472 2408 1639 2451 ρον-νας
1657 2390 1855 2438 dicunt.
1913 2390 1981 2437 Et
1995 2378 2274 2435 secundu'm
2293 2384 2541 2448 Pllysicos

1474 2468 1624 2530 dixit,
1661 2467 1746 2530 qui
1774 2467 1985 2516 tradunt
2008 2463 2238 2511 homines
2273 2462 2451 2522 splene
2477 2462 2542 2509 ri-

1464 2543 1619 2604 dere,
1641 2541 1763 2591 felle
1787 2541 1956 2602 irasci,
1973 2541 2150 2603 jecore
2171 2551 2360 2598 amare,
2383 2535 2540 2585 corde

1473 2633 1675 2683 sapere,
1698 2619 1938 2681 pulmone
1954 2613 2166 2679 jactari.
2233 2612 2340 2662 Vct.
2362 2611 2542 2660 sch.—

1474 2696 1721 2744 Petulanti
1756 2693 1936 2757 splene]
2014 2690 2280 2754 Improbe,
2325 2687 2543 2738 inconti-

1473 2775 1642 2831 nenti,
1676 2771 1904 2835 procaci,
1938 2768 2148 2827 lascivo,
2180 2773 2233 2815 et
2256 2764 2397 2830 qnasi
2421 2779 2539 2812 cum

1472 2850 1738 2912 voluptate
1758 2846 1973 2895 aliorum
1995 2843 2122 2892 vitia
2136 2839 2386 2890 irridente
2404 2839 2540 2902 sple-

1472 2923 1821 2987 ne.--S1›leue]
1899 2919 2056 2972 Quasi
2097 2917 2317 2979 diceret,
2347 2916 2539 2966 ‘Natu-

1464 3015 1582 3050 ram
1606 2999 1837 3063 expellas
1871 2997 2034 3058 furca,
2070 3004 2240 3044 tamen
2278 3007 2438 3058 usque
2463 3007 2540 3040 re-

1473 3075 1686 3126 curret!
1753 3074 1839 3124 Sic
1863 3073 1996 3122 enim
2034 3071 2137 3130 ait;
2190 3068 2384 3118 factum
2420 3082 2475 3118 se
2510 3082 2542 3116 a

1475 3159 1663 3201 natura
1685 3150 2072 3207 cachinnonem,
2105 3147 2278 3211 itaque
2304 3145 2426 3194 velit
2449 3159 2541 3193 uo-

1474 3229 1539 3277 lit
1561 3228 1735 3276 oblata
1774 3241 1830 3275 re
1872 3225 2106 3281 ridicula,
2148 3223 2303 3271 risum
2334 3222 2428 3271 sibi
2452 3235 2540 3269 ne-

1475 3303 1697 3354 cessario
1730 3302 1936 3352 oboriri.
2005 3301 2232 3349 I’etulans
2267 3300 2412 3362 splen,
2451 3297 2539 3361 qui

1462 3383 1608 3444 justo
1629 3379 1793 3443 majus
1816 3378 2046 3442 spatium
2060 3384 2207 3439 petat
2220 3384 2276 3425 et
2295 3381 2538 3436 occupet.

1476 3453 2015 3516 Casuum—Cachinna]
2060 3449 2371 3502 Nominandi
2396 3463 2535 3498 casn.

1474 3534 1646 3582 Homo
1687 3532 1862 3580 irrisor
1898 3537 1951 3578 et
1988 3529 2038 3576 in
2075 3528 2226 3575 risum
2263 3523 2535 3589 profusior.

1472 3611 1543 3658 Et
1584 3610 1683 3657 huc
1727 3622 1889 3671 usque
1930 3605 1982 3652 in
2025 3617 2212 3665 genere
2254 3601 2536 3650 vanitatem

1472 3685 1694 3736 omnium
1722 3684 2060 3732 Romanorum
2084 3678 2271 3740 arguit.
2307 3676 2534 3726 Lubinus.

1541 3766 1601 3811 1³
1636 3759 1911 3817 Scribimus,
1932 3754 2038 3820 ξω]
2108 3757 2227 3805 Jam
2271 3755 2322 3803 in
2359 3753 2537 3817 specie

1473 3838 1756 3903 partitione
1801 3833 1941 3883 facta
1977 3832 2310 3895 reprehendit
2344 3831 2538 3882 Potitus

1470 3923 1528 3964 et
1572 3914 1844 3971 Oratores,
1901 3924 2180 3974 eorumque
2238 3909 2537 3969 auditores;

1470 3998 1527 4040 et
1558 3990 1706 4038 initio
1742 3987 1945 4052 quidem
1983 3987 2194 4047 Poenas,
2231 3996 2537 4050 argumento

1468 4075 1637 4117 sumto
1662 4082 1691 4114 a
1711 4064 1835 4127 fine,
1875 4062 2010 4127 quod
2035 4064 2322 4112 scriberent
2359 4062 2421 4110 ad
2448 4078 2537 4125 po-

1471 4143 1576 4207 puli
1603 4143 1879 4206 applausus
1903 4140 2252 4202 aucupandos.
2330 4139 2395 4187 Id
2434 4145 2534 4199 est,

1471 4221 1579 4270 Nos
1603 4218 1785 4268 1²0&ae
1826 4224 1880 4266 et
1915 4224 2144 4265 oratores
2182 4214 2393 4264 Romani
2421 4227 2534 4277 pas-

1466 4298 1562 4346 sim
1586 4295 1881 4357 scribimus,
1906 4301 1961 4342 et
1999 4307 2178 4356 prorsa
2213 4301 2270 4342 et
2294 4305 2443 4341 vorsa
2467 4290 2536 4342 ἵει-

1481 412 1641 460 SA'r.
1694 412 1741 459 1.
