3050 4913
525 375 697 441 1238
1187 390 1575 440 1111000003
1627 390 2054 442 11011-10111111

518 554 647 597 vn.
717 537 1051 598 {NDtCES
1109 536 1344 615 Langia·
1400 535 1669 614 Friburgi
1733 535 1908 604 1607.
1971 534 2146 596 1608.
2236 539 2500 597 Genevae
2563 537 2741 602 1612.

605 636 921 695 Maittarit'
949 633 1140 693 Lond.
1173 633 1347 702 1716.
1378 645 1437 693 01
1469 632 1773 693 Sodalium
1805 633 2279 712 Bipontinorum
2315 643 2491 704 1785.

526 749 683 794 vm.
734 732 1178 792 EDtTtoNEs
1223 732 1675 793 CASTRATAE
1703 751 1805 791 seu
1836 731 2222 791 obscoenitate
2261 732 2421 791 omni
2451 744 2742 811 purgatae,

601 830 805 890 Calon.
843 827 1018 890 1610.
1105 829 1336 889 Pacheia·
1363 833 1418 889 in
1446 831 1646 890 Cbnro
1676 837 1983 909 poetarum
2022 829 2214 907 Lugd.
2252 830 2427 899 1617.
2517 830 2744 891 Pratet'

603 929 786 988 Paris.
825 925 999 987 1684.
1065 926 1336 988 Massoni
1360 928 1707 986 Turonibus
1743 927 1917 987 1685.
1986 928 2302 988 Tarterom'
2336 928 2522 988 Paris.
2561 927 2742 999 1689.

609 1023 785 1097 1695.
850 1027 1024 1097 1706.
1080 1035 1253 1096 1729.
1319 1033 1493 1094 1737.
1559 1033 1731 1093 1752.
1814 1024 2504 1104 JuveneipRothomagi
2557 1023 2742 1095 1697.

610 1132 783 1194 1709.
871 1126 1074 1185 Oweni
1103 1123 1293 1183 Lond.
1333 1130 1505 1193 1785.
1547 1121 1722 1188 1786.

530 1218 630 1282 tx.
674 1224 1138 1284 VERSIONES.

524 1338 593 1379 x.
638 1319 1324 1380 OBSERVATtoNES
1366 1319 1430 1376 ὅτι
1458 1314 1800 1377 Juvenalem
1826 1320 2142 1395 separatim
2168 1315 2368 1387 edim,
2399 1327 2458 1377 et

523 1434 623 1477 x1.
673 1418 1040 1489 INEDITA,

525 1536 660 1592 quae
689 1517 885 1574 omnia
914 1535 1049 1574 mox
1089 1513 1420 1592 singulatim
1453 1512 1929 1581 memorabimuS‚
1974 1511 2023 1571 si
2054 1512 2216 1590 prius
2255 1512 2521 1571 universe
2549 1531 2746 1590 pauca

527 1612 846 1672 dixerimus
889 1612 965 1671 de
1015 1612 1102 1672 his
1145 1612 1398 1671 virorum
1443 1610 1759 1670 doctorum
1802 1608 2031 1679 studiis,
2077 1619 2138 1668 et
2178 1608 2256 1668 de
2299 1609 2516 1679 fructu,
2563 1627 2743 1686 quern

526 1709 664 1769 iude
694 1717 889 1787 poetae
917 1709 1316 1787 interpretatio
1345 1708 1565 1767 tulerit.

607 1807 770 1867 Toto
799 1808 1030 1868 Saeculo
1059 1823 1205 1866 xvi.
1250 1827 1322 1867 ne
1352 1826 1503 1866 unus
1535 1805 1778 1884 quidem
1817 1802 2269 1865 commentarius
2299 1822 2483 1862 novus
2513 1801 2654 1862 exiit
2686 1803 2744 1862 in

527 1905 758 1983 vulgus,
803 1904 904 1963 sed
936 1917 1159 1963 veteres
1183 1904 1435 1989 primum
1476 1904 1685 1980 saepius
1712 1911 1772 1962 et
1812 1902 1985 1960 variis
2015 1902 2161 1959 locis
2203 1900 2397 1959 reensi
2424 1911 2581 1970 sunt,
2627 1899 2746 1959 his-

528 2020 645 2078 que
672 2000 991 2059 substituta
1030 1998 1245 2058 deinde
1275 1998 1511 2058 Scholia
1558 1998 1830 2058 Curionis
1859 2008 1918 2057 et
1963 1998 2145 2067 Junii,
2187 1997 2501 2057 multarum
2530 1995 2748 2055 editio-

527 2117 667 2157 num
713 2096 954 2175 margini
981 2096 1219 2172 adjecta
1265 2115 1317 2154 a.
1355 2102 1774 2164 1528—1590.
1816 2105 1875 2154 et
1918 2092 2242 2173 puerilibus
2283 2092 2476 2152 dicata
2518 2091 2748 2165 studiis,

529 2213 664 2271 quae
708 2204 900 2253 tamen
931 2194 998 2253 iis
1042 2193 1215 2252 valde
1243 2192 1511 2269 adjuvari
1556 2212 1733 2271 posse
1778 2211 1948 2251 nemo
1990 2191 2162 2251 facile
2191 2188 2302 2249 sibi
2345 2188 2747 2268 persuadebit.

529 2290 741 2370 Neque
781 2291 914 2370 pius
958 2292 1157 2351 valent-
1184 2293 1274 2351 vei
1315 2289 1387 2349 ad
1428 2290 1659 2369 ingenia
1689 2289 1980 2367 juvenum
2022 2288 2228 2348 alenda
2271 2287 2360 2346 vel
2388 2286 2464 2345 ad
2505 2293 2747 2363 poetam

526 2387 938 2448 illustrandum
983 2397 1044 2448 et
1088 2388 1458 2467 Periphrases
1502 2387 1753 2447 Claverii
1792 2386 1974 2447 Paris.
2022 2384 2199 2455 1607.
2250 2394 2310 2444 et
2358 2384 2750 2463 Parapbrases

533 2485 736 2545 Ceruti
765 2487 1011 2546 Veronae
1039 2493 1213 2556 1597.
1279 2485 1472 2545 Pratei
1492 2485 1674 2545 Paris.
1704 2483 1881 2546 1684.
1903 2485 2290 2562 aliorumque,
2322 2502 2458 2561 quoe
2480 2482 2747 2554 omnino,

529 2581 578 2641 si
606 2582 813 2643 breves
838 2593 995 2656 sunt,
1022 2583 1096 2643 ad
1128 2583 1666 2661 interpretationem
1695 2582 1832 2642 1111111
1862 2581 2103 2651 faciunt,
2136 2580 2434 2659 p'raecipue
2461 2578 2520 2636 in
2549 2578 2746 2657 po'e’tis

530 2679 788 2751 satiricis,
832 2681 934 2759 qui
974 2699 1149 2757 prosa
1194 2678 1317 2740 fere
1357 2680 1620 2740 oratione
1662 2687 1923 2750 utuntur,
1969 2678 2016 2737 si
2064 2675 2327 2755 copiosae
2366 2695 2439 2735 ac
2480 2675 2749 2753 proiixae,

532 2796 647 2836 non
703 2777 826 2836 sine
880 2796 1107 2836 summo
1164 2776 1344 2836 taedio
1403 2776 1516 2855 legi
1573 2786 1841 2854 possunt.
1927 2773 2353 2835 Annotationes
2410 2772 2748 2844 Pulmanni,

533 2874 767 2944 Pithoei,
824 2873 1082 2952 Rigaltii,
1133 2873 1539 2942 Almeiovenii,
1593 2872 1886 2940 Henninii,
1926 2872 2294 2948 aliorumque
2339 2868 2460 2928 sive
2499 2868 2575 2927 ad
2620 2888 2747 2929 rem

532 2970 907 3049 potissimum
934 2979 1199 3050 spectant
1228 2970 1516 3041 criticam,
1548 2971 1670 3031 sive
1699 2969 1799 3030 uni
1820 2979 2044 3029 tautum
2073 2968 2361 3044 alterique
2386 2966 2522 3025 loco
2552 2965 2750 3027 lucem

534 3067 808 3128 afferunt.

616 3166 851 3224 Saecuio
896 3181 1076 3225 xvu.
1127 3166 1265 3226 novi
1308 3166 1546 3245 quidem
1599 3153 1820 3243 vulgati
1866 3172 2002 3224 sunt
2048 3161 2467 3222 Commeat-1⁰2·
2498 3158 2751 3230 Lubini,

541 3263 844 3333 Autumni,
888 3262 1175 3335 Faruabii,
1220 3262 1521 3341 Graugaei,
1555 3263 1765 3332 Pratei,
1807 3259 2111 3322 Juvencii:
2158 3256 2260 3317 sed
2293 3256 2466 3334 longe
2495 3257 2753 3316 maxima

534 3379 733 3421 eorum
780 3378 913 3437 pars
962 3359 1051 3418 vet
1097 3379 1167 3418 ex
1210 3359 1655 3438 antiquioribus,
1705 3360 1763 3418 in
1808 3358 2011 3437 primis
2055 3353 2393 3424 Britannici,
2442 3355 2754 3432 depromta

533 3467 640 3528 est,
672 3457 761 3516 vei
791 3455 970 3534 magis
1000 3453 1239 3515 doctam
1283 3455 1477 3535 prodit
1508 3456 1914 3525 subtilitatem,
1960 3473 2138 3533 quam
2165 3451 2385 3530 judicii
2426 3470 2753 3529 sensusque

535 3554 904 3633 elegantiam.
990 3551 1336 3612 Inteilexere
1366 3552 1570 3630 utique
1610 3553 1718 3611 viri
1747 3552 1931 3622 docti,
1974 3553 2050 3611 aci
2079 3552 2114 3610 J
2123 3550 2379 3609 uvenalis
2408 3548 2758 3625 interpreta-

536 3652 750 3710 tionem
791 3672 909 3710 non
941 3648 1206 3710 sufficere
1253 3650 1423 3710 unius
1461 3650 1774 3711 alteriusve
1821 3651 1938 3710 1001
1980 3648 2446 3728 explicationem,
2492 3646 2593 3705 sed
2625 3664 2757 3723 per-

537 3757 749 3824 petuos
794 3749 1009 3827 requiri
1059 3749 1530 3819 commentarios,
1575 3749 1675 3827 qui
1719 3748 1863 3807 nihii
1911 3747 2306 3824 relinquerent
2348 3743 2755 3803 obscuritatis.

537 3842 726 3904 iidem
758 3865 897 3905 vero
926 3866 1233 3926 perperam
1264 3846 1375 3905 sibi
1405 3846 1759 3924 persuasisse
1786 3844 2077 3915 videntur,
2111 3862 2171 3901 se
2193 3839 2628 3916 compendiaria
2659 3838 2756 3898 via

537 3960 628 4010 eo,
673 3960 795 4019 quo
824 3942 1148 4014 tenderent,
1192 3944 1491 4020 pervenire
1518 3961 1716 4020 posse,
1763 3941 1958 3999 sinon
1998 3959 2161 4000 suum
2201 3936 2550 3996 adhiberent
2583 3934 2760 4011 judi-

539 4039 720 4107 cium,
767 4036 867 4097 sed
897 4037 1148 4097 alienum
1188 4038 1308 4098 fere
1340 4050 1740 4117 sequerentur,
1787 4058 1978 4117 neque
2008 4037 2117 4115 ipsi
2154 4035 2462 4113 diligenter
2496 4033 2754 4094 circum·
2787 4029 2794 4032 “

541 4135 853 4214 spicerent,
902 4154 1037 4213 quae
1081 4135 1371 4215 explicare
1412 4144 1472 4194 et
1512 4154 1746 4195 monere
1796 4145 1960 4214 opus'
1990 4141 2200 4203 essent,
2244 4131 2347 4191 sed
2392 4131 2639 4190 selectas
2679 4151 2754 4189 ex

541 4231 668 4292 aliis
698 4231 1111 4312 interpretibus
1140 4241 1310 4293 notas
1340 4232 1583 4311 singulis
1606 4231 1874 4305 vocibus,
1902 4229 2224 4301 sententiis,
2252 4227 2521 4305 locisque
2549 4244 2757 4305 asper-
