3050 4913
516 338 602 408 18
1294 351 1391 400 ns
1438 348 1689 404 russi!
1737 348 1941 411 vrrs,

517 523 648 588 quc
674 503 972 574 locorum
986 503 1237 568 ratione
1260 521 1304 566 a
1332 522 1404 568 se
1423 502 1616 586 longe
1636 501 1927 568 diversi
1907 521 1976 566 m
1993 500 2255 574 eadem
2256 519 2443 586 sape
2470 499 2720 566 incido*

515 605 663 682 rint,
693 604 974 687 parique
1017 603 1216 668 modo
1244 603 1484 669 iisdem
1515 604 1711 667 rebus
1762 603 2005 681 affecti,
2051 602 2323 668 easdem
2374 603 2722 685 imagines,

519 705 841 774 dictiones
869 712 937 771 et
986 705 1191 772 verba
1254 705 1694 782 adhibuerint,
1744 705 2108 789 praesertim
2155 706 2215 769 si
2267 724 2352 770 ea
2391 702 2723 788 ejusmodi

523 808 682 885 sint,
699 813 775 875 ut
799 827 934 874 non
960 826 1188 873 recens
1236 826 1406 873 cusa
1434 805 1558 871 sed
1587 804 2058 871 consuetudine
2083 806 2402 871 sermonis
2436 805 2583 890 jam
2620 822 2723 868 re-

523 915 723 992 cepta
751 915 818 975 et
859 912 928 975 in
954 909 1178 974 medio
1204 909 1427 992 posita
1453 907 1664 973 fuisse
1693 907 2060 972 videantur.

606 1011 882 1090 Verum,
914 1012 1161 1096 inquis,
1188 1012 1317 1077 iste
1342 1010 1550 1095 poeta
1577 1016 1713 1076 tam
1740 1010 1933 1093 longe
1972 1011 2063 1074 ab
2091 1030 2196 1088 eo,
2227 1029 2425 1094 quem
2453 1014 2725 1074 secutus

519 1113 758 1191 fuerat,
821 1113 1111 1190 relictus,
1174 1112 1245 1176 in
1293 1130 1427 1194 quo
1483 1117 1587 1177 tot
1646 1116 1959 1193 tantaque
2029 1110 2507 1188 desiderantur,
2563 1129 2727 1174 num

523 1214 760 1296 dignus
786 1221 910 1292 est,
938 1214 1057 1297 qui
1091 1213 1389 1295 legatur?
1482 1211 1739 1295 Utique
1783 1211 2023 1293 dignus
2065 1219 2192 1289 est,
2221 1218 2292 1277 et
2316 1212 2727 1296 voluptatem

521 1315 669 1398 ejus
693 1317 894 1384 lectio
924 1313 1386 1399 suppeditabit
1408 1319 1474 1380 et
1505 1313 1879 1382 utilitatem.
1968 1312 2133 1378 Sunt
2157 1314 2330 1377 enim
2357 1313 2511 1379 loca
2538 1334 2727 1396 quaed

521 1419 675 1488 dam
725 1418 790 1484 in
835 1417 971 1488 illis
1022 1416 1239 1483 satiris
1288 1416 1456 1482 satis
1501 1415 1668 1480 bene
1712 1416 2028 1493 tractata3
2098 1413 2342 1478 incidet
2393 1414 2600 1478 lector
2654 1416 2729 1478 in

523 1520 845 1603 imagines
868 1525 937 1584 et
959 1518 1421 1590 similitudines
1446 1536 1663 1583 novas
1688 1521 1755 1582 et
1780 1534 1912 1582 non
1947 1516 2249 1600 ineptas3
2292 1516 2729 1599 deprehendet

522 1639 743 1690 mores
789 1627 856 1686 et
899 1621 1162 1701 ingenia
1206 1619 1541 1686 hominum
1596 1624 1906 1683 accurate
1952 1617 2312 1696 delineata3
2371 1619 2727 1683 movebunt

520 1721 668 1804 ejus
695 1723 987 1792 animum
1014 1720 1352 1787 sententiae
1393 1719 1678 1784 illustres
1721 1722 1788 1783 et
1828 1736 2115 1800 graves;
2155 1717 2575 1784 ostenduntur
2617 1719 2727 1784 bic

520 1833 586 1898 et
619 1824 755 1888 illic
796 1823 1038 1904 ingemi
1065 1821 1356 1900 igniculi,
1391 1820 1507 1903 qui
1536 1818 1932 1890 desiderium
1975 1819 2413 1885 adolescentis
2440 1839 2725 1904 praema-

522 1931 671 1996 tura
697 1930 906 1992 morte
931 1924 1137 2008 erepti
1164 1922 1574 1988 excitabunt.
1663 1920 1954 2004 Imque
2001 1921 2267 1986 virtutis
2304 1940 2491 1986 amor
2516 1924 2731 2004 pieta·

522 2028 745 2109 tisque
795 2043 1053 2100 sensus»,
1125 2024 1244 2106 qui
1290 2022 1535 2106 ubique
1593 2023 1975 2100 ostenditur,
2024 2022 2284 2100 efficiet,
2357 2028 2432 2087 ut
2494 2031 2730 2089 auctor
2836 2017 2837 2020 ’

522 2128 718 2192 nobis
763 2127 1099 2210 probetur,
1139 2124 1402 2190 etiamsi
1448 2124 1762 2190 facultate
1811 2123 2084 2209 poetica
2126 2125 2349 2198 minus
2389 2123 2586 2188 fuerit
2630 2126 2731 2188 in-

527 2233 835 2304 structus.
924 2223 1028 2289 Ac
1061 2245 1212 2292 cum
1260 2223 1551 2306 Virgilio
1593 2227 1766 2290 lecto
1794 2245 1918 2291 nec
1944 2223 2287 2292 Lucanum
2315 2244 2443 2290 nec
2488 2226 2733 2290 Silium

523 2347 647 2396 nec
675 2327 960 2398 Statium
988 2325 1428 2402 fastidiamus,
1458 2344 1575 2392 cur
1605 2325 1911 2392 Persium
1951 2326 2357 2407 negligamus
2383 2325 2735 2394 Venusina

532 2429 734 2497 Musa
765 2427 1104 2508 delectati3
1133 2428 1276 2512 qui,
1304 2446 1453 2497 meo
1480 2427 1748 2512 quidem
1775 2447 1996 2504 sensu,
2013 2427 2323 2493 lectorem
2346 2428 2432 2493 ab
2461 2426 2736 2495 Horatii

525 2534 802 2599 lectione
844 2538 1168 2597 recentem
1217 2533 1429 2614 magis
1473 2530 1856 2607 delectabit,
1909 2548 2112 2613 quam
2163 2528 2417 2597 Statius
2465 2530 2731 2614 placere

529 2635 771 2718 possit,
816 2655 966 2698 cum
1010 2633 1295 2716 Virgilio
1340 2633 1651 2716 deposito
1710 2632 1934 2699 statim
1988 2632 2077 2697 ad
2132 2650 2285 2695 eum
2340 2634 2731 2698 accesseris.

534 2735 840 2802 Ceterum
877 2735 1285 2817 antiquitatis
1330 2735 1651 2803 studiosis
1678 2735 1896 2799 Persii
1933 2734 2281 2799 lectionem
2323 2732 2732 2801 fructuosam

531 2854 705 2913 esse,
736 2834 1041 2918 equidem
1069 2836 1187 2899 vix
1211 2835 1606 2903 monendum
1635 2855 1782 2903 esse
1809 2835 2142 2911 existimo.

619 2935 869 3019 Magno
928 2937 1170 3019 plausu
1225 2937 1424 3003 etiam
1478 2938 1719 3004 satiras
1764 2935 1979 3005 editas
2022 2934 2367 3001 confestim
2409 2942 2734 3020 exceptu

531 3055 706 3113 esse,
731 3039 1068 3103 memoriae
1096 3036 1387 3119 prodidit
1425 3039 1584 3107 vita>
1617 3035 1833 3107 Persii
1860 3041 2169 3113 auctor,¹⁹
2213 3037 2516 3120 idemque
2546 3038 2732 3105 Mart

530 3138 711 3202 tialis
756 3142 1034 3203 testatur
1077 3144 1143 3217 et
1186 3138 1656 3216 Quintilianus,
1686 3139 2121 3222 patribusque
2147 3140 2452 3207 ecclesiae
2495 3140 2734 3222 probe-

471 3276 478 3279 *
530 3243 674 3313 tum
715 3241 900 3307 illum
942 3240 1150 3305 fuisse
1180 3242 1478 3309 indicant
1504 3242 1679 3318 loca,
1714 3261 1869 3325 quae
1898 3243 2157 3325 passim
2191 3261 2278 3307 ex
2311 3241 2550 3309 Persio
2579 3261 2736 3324 pm·

535 3338 897 3407 tulerunt.²0
983 3341 1241 3409 Etenim
1266 3345 1373 3407 vel
1402 3362 1484 3407 ea
1510 3344 1686 3427 ipsa,
1716 3364 1869 3427 quae
1898 3362 2072 3407 nunc
2099 3344 2539 3425 scriptoribus
2568 3342 2736 3411 vitio

532 3442 783 3509 vertere
844 3444 995 3526 jure
1049 3443 1363 3520 solemus,
1418 3444 1667 3511 multis-
1711 3452 1847 3510 tum
1913 3443 2402 3528 quodammodo
2455 3445 2742 3526 probata

536 3550 741 3622 erant,
771 3547 1229 3609 sententiarum
1262 3548 1562 3629 argutiae,
1604 3546 1868 3610 dicendi
1895 3565 2101 3629 genus
2131 3546 2495 3621 concisum,
2526 3550 2736 3610 trans-

531 3642 814 3709 lationes
844 3644 1135 3709 audaces
1181 3652 1248 3711 et
1289 3648 1665 3711 obscuritas
1713 3647 2018 3730 quaedam
2060 3647 2337 3711 orationi
2383 3645 2731 3711 inducta.⁸¹

607 3873 668 3917 1⁹
701 3870 717 3897 ‘
745 3870 955 3921 Editum
1001 3874 1185 3922 librum
1223 3876 1466 3924 continuo
1507 3876 1600 3925 mi·
1744 3879 1809 3924 2⁰
1841 3876 1903 3924 Ε.
1944 3891 1995 3937 g.
2030 3877 2273 3929 Laetam.
2297 3888 2386 3924 ιιι.
2411 3878 2490 3922 16.
2516 3878 2625 3933 15.;
2659 3887 2734 3923 u.

542 3944 642 3994 rari
684 3944 913 3995 homines
946 3953 1001 3996 et
1035 3948 1265 4011 diripere
1290 3950 1599 4013 ceperuntl
1680 3954 1730 3999 2.
1754 3954 1829 3997 11.
1897 3948 2172 4011 Augustin.
2198 3950 2264 3997 de
2284 3949 2402 3999 Oiv.
2428 3948 2499 3999 D.
2526 3960 2587 3997 n.
2612 3952 2660 3996 7.

542 4018 616 4083 Et
635 4021 788 4083 paulo
810 4037 988 4086 supra:
1014 4026 1029 4051 ‘
1053 4024 1157 4071 Sed
1190 4025 1432 4074 Lucanus
1465 4028 1596 4077 adeo
1746 4030 1804 4073 Ἢ
1845 4025 2066 4076 Quintil.
2090 4025 2253 4073 instit.
2276 4038 2400 4073 vm.
2415 4028 2465 4072 2.
2486 4023 2503 4049 ⁶
2526 4021 2602 4075 At
2623 4037 2734 4085 per-

539 4095 828 4146 mit-abatur
849 4097 1043 4161 scripta
1065 4100 1256 4161 Flacci,
1282 4106 1342 4148 nt
1363 4100 1450 4149 vix
1475 4102 1600 4150 reti·
1683 4102 1815 4149 nsit
1831 4100 2038 4165 quidem
2053 4101 2165 4163 jam
2188 4100 2373 4149 multos
2399 4098 2503 4147 ista
2531 4111 2737 4160 permn-

536 4178 690 4224 ποιοί
707 4187 784 4237 se,
802 4172 890 4222 illo
913 4173 1186 4240 recitante,
1203 4190 1235 4224 a
1257 4176 1513 4226 clamore!
1681 4177 1775 4241 tio,
1795 4184 1853 4228 ut
1869 4177 2046 4240 idjam
2067 4177 2272 4229 demum
2291 4177 2562 4240 eleganter
2581 4183 2735 4242 atqu·
