3050 4913
1114 389 1207 436 m·
1264 389 1705 439 VERBORUM.

295 536 395 585 1⁴⁹
459 543 733 596 commune
754 529 809 580 id
833 535 918 580 est
940 530 1016 592 iii,
1057 535 1153 581 182
1218 546 1370 581 omne

296 597 452 648 enimi
476 604 627 646 tento
650 596 981 660 conspectius
999 596 1053 644 in
1086 611 1142 644 se
1172 598 1370 645 crimen

294 661 473 724 babet,
512 666 711 737 quanto
744 661 908 723 major
940 660 1027 725 qui
1061 669 1250 725 peccet
1283 661 1371 709 hs-

295 726 452 776 betnr
488 726 601 786 viii,
642 729 737 774 140
803 726 858 773 id
892 740 997 775 non
1038 726 1198 787 magis
1237 725 1370 773 into-

293 791 528 852 lembile,
573 804 728 855 qnam
769 797 874 839 cet.
931 789 1002 849 vi,
1058 793 1153 838 415
1239 789 1372 839 fallit

295 857 475 919 specie
521 855 733 903 virtutis
774 861 833 902 et
893 854 1092 916 umbro,
1141 868 1257 902 cum
1303 855 1372 903 sit

296 921 451 970 triste
474 918 674 981 babitu,
704 919 950 982 vultuque
982 927 1037 967 et
1061 925 1204 967 veste
1227 933 1371 967 seve·

296 980 411 1034 rum
433 985 543 1045 xiv,
561 988 657 1033 100
721 985 954 1032 humanae
973 985 1161 1032 mentis
1175 985 1373 1033 nullum

296 1048 437 1099 ferro
483 1055 750 1112 grassatur
789 1048 995 1111 saepius,
1036 1061 1188 1111 quam
1234 1063 1375 1096 saeva

299 1114 491 1177 cupido
551 1113 813 1161 immodici
867 1126 1051 1161 census
1112 1111 1218 1173 xiv,
1279 1117 1372 1161 175

299 1179 428 1228 vitio
450 1179 621 1240 gentis
640 1192 895 1242 nunquam
912 1178 1137 1240 partitur
1152 1177 1372 1226 amicum

299 1244 370 1306 iii,
393 1247 491 1292 121
577 1242 707 1291 ceci
741 1240 949 1305 quidem
977 1250 1193 1305 propter
1214 1243 1377 1305 putri·

299 1309 470 1357 monia
487 1307 670 1355 vivunt
684 1307 847 1367 xii,5l
884 1313 1147 1355 carentem
1166 1306 1373 1355 domum

304 1372 524 1436 aspiciat
544 1370 682 1419 filius
702 1372 809 1430 xiv,
827 1374 893 1418 69
937 1371 1065 1418 vitia
1089 1371 1270 1419 ultima
1286 1370 1374 1420 fic·

302 1443 381 1487 tos
395 1443 741 1486 contemnunt
757 1436 976 1483 Scauros
992 1435 1046 1496 ii,
1060 1439 1123 1482 54
1154 1436 1377 1498 plurima

303 1502 559 1566 paulatim
595 1500 741 1549 exuit
781 1506 936 1564 atque
972 1513 1178 1548 errores
1201 1514 1376 1549 omnes

212 1622 221 1630 ‚
302 1567 563 1631 snpientia
607 1565 714 1624 xiii,
759 1567 851 1613 188
939 1565 1179 1613 vitiorum
1222 1565 1377 1628 copia

303 1632 510 1697 qnando
551 1629 763 1679 uberior
801 1630 837 1689 i,
880 1633 942 1677 87
1010 1629 1251 1692 exempla
1289 1629 1378 1678 do-

302 1697 521 1746 mestica
544 1694 770 1743 velocius
792 1701 848 1742 et
869 1693 1022 1742 citius
1041 1708 1133 1743 nos
1151 1708 1378 1743 corrum-

305 1768 452 1825 punt,
499 1758 699 1823 magnis
742 1772 858 1807 cum
916 1758 1142 1807 subeunt
1185 1759 1379 1807 animos

304 1824 609 1875 unctoribus
655 1824 760 1884 xiv,
801 1826 865 1871 52
933 1824 1194 1871 elementa
1241 1838 1377 1888 quoe-

303 1890 422 1940 dem
443 1896 567 1939 sunt
586 1888 690 1951 xiv,
708 1891 801 1937 125
838 1887 976 1936 vitiis
997 1887 1256 1952 quondam
1274 1902 1377 1937 non

306 1955 541 2018 contingi
566 1968 729 2017 parvo
751 1952 954 2001 sinebat
979 1960 1120 2001 tecta
1142 1951 1286 2000 labor
1309 1953 1379 2013 vi,

305 2024 402 2068 288
469 2035 500 2068 n
522 2019 663 2067 vitiis
702 2016 990 2066 redemtum
1021 2017 1161 2066 nulla
1185 2017 1378 2084 virtute

306 2090 593 2134 monstrum
615 2083 685 2144 iv,
717 2086 747 2130 5

371 2147 498 2197 Vito
520 2148 656 2196 illins
695 2160 943 2195 occursus
965 2145 1035 2206 vi,
1058 2149 1156 2194 572
1223 2145 1378 2195 vitari

307 2210 1125 2338 ffiassi‘asszffssffdfftssss’
1142 2214 1240 2260 ²⁸⁴
1307 2212 1378 2260 ⁹³·

963 2312 979 2338 5

371 2343 564 2391 vitreo
582 2340 716 2390 bibit
736 2342 822 2390 ille
845 2340 1042 2402 Priapo
1075 2339 1131 2400 ii,
1151 2342 1215 2386 95

369 2407 527 2456 Vitro
579 2412 735 2470 rupto
778 2404 1026 2469 sulphura
1072 2409 1379 2468 poscentem

308 2471 529 2523 calicem
551 2487 603 2532 v,
624 2475 689 2520 48

374 2535 552 2587 vittas
595 2534 799 2585 Cereris
850 2534 1149 2596 contingere
1197 2548 1379 2598 paucae

309 2601 484 2666 digne
507 2601 579 2664 vi,
599 2605 665 2649 50
728 2600 961 2663 imponet
1000 2598 1256 2647 frontibus
1291 2599 1382 2661 xii,

372 2730 581 2780 vitute
601 2743 768 2794 nuper
797 2744 916 2778 cum
954 2743 1019 2777 eo
1047 2726 1267 2791 jacebat
1303 2742 1382 2777 sn-

308 2796 495 2845 eerdos
529 2794 776 2858 sanguiue
817 2794 982 2843 adhuc
1025 2794 1142 2843 vivo
1190 2799 1383 2842 terram

308 2860 544 2910 subitura
564 2859 636 2921 iv,
653 2862 687 2908 9

375 2924 585 2973 Vitulus
615 2922 784 2986 ferox,
821 2922 1026 2986 templis
1059 2930 1291 2971 maturus
1328 2927 1385 2971 et

309 3004 434 3051 ιιι-ε,
456 2988 881 3053 spargendusque
904 3001 1047 3036 mero
1086 2986 1177 3049 xii,
1211 2990 1241 3035 7
1310 2987 1383 3034 vi-

311 3054 410 3105 tuli
431 3055 587 3118 jecur
608 3060 809 3102 sectum
830 3053 883 3101 in
905 3051 1125 3100 carbone
1151 3051 1383 3115 ponimus

310 3118 426 3181 xiii,
449 3121 543 3167 117
611 3118 830 3166 vitulum
855 3117 1036 3166 mulier
1058 3116 1101 3165 si
1124 3115 1308 3165 ederet
1331 3115 1384 3177 ii,

313 3188 408 3233 125
498 3182 682 3232 vitulis
724 3182 934 3230 marinis
989 3180 1217 3244 eripient
1255 3194 1386 3229 som-

311 3263 434 3298 num
459 3248 536 3310 iii,
558 3252 657 3297 258

375 3312 592 3362 ‘vivaria
631 3311 845 3361 Caesaris
885 3310 1155 3375 depastum
1189 3309 1384 3372 piscem

304 3377 382 3441 iv,
403 3381 465 3427 51
539 3384 784 3441 tanquam
803 3375 870 3424 ad
887 3374 1083 3425 vivaria
1100 3389 1274 3423 omnes
1288 3376 1386 3423 huc

312 3449 532 3493 currunt
554 3442 630 3505 iii,
652 3446 748 3490 508

378 3508 627 3556 Vivernae
647 3506 832 3555 littore
853 3505 908 3567 ii,
930 3508 1024 3553 160

376 3572 530 3621 vivit
551 3578 791 3647 tanquam
815 3569 985 3619 vicina
1002 3567 1176 3617 mariti
1200 3568 1270 3631 vi,
1289 3572 1387 3617 509

315 3643 407 3686 tua
428 3637 596 3698 imago
619 3636 727 3697 viii,
749 3640 812 3683 55
879 3633 1098 3682 vivimus
1121 3633 1205 3681 hic
1229 3632 1389 3681 ambi-

314 3701 449 3751 tiosa
522 3705 795 3764 aupertste
831 3712 1008 3747 omnes
1040 3698 1115 3759 iii,
1153 3701 1249 3746 182
1314 3697 1388 3745 vi-

315 3771 444 3814 vunt
514 3763 809 3814 acchmalia
844 3762 897 3825 ii,
931 3767 960 3811 5
1030 3761 1234 3827 quidam
1258 3761 1385 3811 vitio

314 3830 440 3880 caci
481 3836 702 3894 propter
734 3827 1048 3893 patrimonia
1081 3827 1172 3887 xii,
1210 3832 1270 3876 51
1341 3825 1385 3874 si

315 3909 493 3944 omnes
536 3908 622 3957 xv,
664 3898 729 3943 62
818 3891 1029 3941 vivebat
1080 3891 1384 3941 Phidiacum

316 3958 448 4009 ebur
488 3958 600 4020 viii,
643 3961 737 4007 105
827 3957 1072 4006 vivebant
1110 3954 1264 4004 §liter
1298 3957 1385 4004 ho-

315 4023 480 4100 mines
499 4029 626 4073 tunc
643 4021 766 4072 orbe
781 4036 915 4071 novo
932 4022 1165 4098 ereio-que
1184 4020 1386 4070 recenti

314 4092 510 4216 ἔξίιξὲε
540 4086 930 4216 Ἶὲῗέὲέῗςῖῗ
946 4086 1387 4215 ἇὲἒέἱῖῖῗ,ῗὲξί

316 4230 370 4282 x,
390 4219 491 4269 272
555 4216 723 4282 vivos,
738 4223 796 4267 et
811 4215 1021 4282 originis
1037 4215 1183 4282 bajus
1201 4214 1388 4281 gaudia

2310 376 2520 442 clxvii

1448 532 1602 594 longa
1625 529 1761 579 ferus
1799 529 1909 592 viii,
1942 534 2009 580 46
2076 530 2217 579 vivat
2240 532 2439 596 Gabiis,
2459 540 2521 584 ut

1447 596 1581 644 vixit
1602 596 1657 643 in
1679 609 1806 659 agro
1829 594 1896 658 vi,
1916 599 1982 644 56
2046 596 2304 646 Pacuvius
2326 613 2522 662 qua-so,

1445 661 1532 709 vel
1572 661 1799 709 Nestora
1838 666 2006 709 totum
2054 661 2141 720 xii,
2180 666 2275 711 128
2341 664 2522 714 vivant

1446 722 1685 772 Artorius
1720 725 1840 773 istic
1877 733 1933 774 et
1959 724 2172 774 Catulus
2208 728 2280 784 iii,
2315 732 2379 776 29
2444 728 2522 777 vi·-

1448 793 1598 838 vetet
1620 803 1734 838 cum
1757 787 2023 854 (quisque)
2046 798 2230 853 operto
2255 794 2345 856 (al.
2373 807 2523 855 aper·

1449 852 1532 914 to)
1556 855 1705 902 horto
1728 855 1798 915 vi,
1816 859 1877 903 18
1946 854 2133 903 vixerit
2154 866 2279 931 quot
2302 860 2523 908 Acestes

1449 932 1629 979 annos,
1666 919 1805 967 dicat
1838 919 1928 979 vii,
1962 923 2056 967 255
2140 935 2255 968 vive
2297 922 2524 971 bidentis

1449 997 1623 1031 umens
1650 984 1721 1042 iii,
1743 987 1840 1031 228
1896 983 2054 1033 vivite
2075 986 2310 1034 contenti
2335 987 2523 1035 casulis

1449 1047 1553 1110 xiv,
1595 1050 1689 1096 179
1757 1048 1932 1096 vivere
1970 1046 2080 1096 fato
2111 1051 2330 1111 egentis,
2369 1058 2426 1099 ut
2447 1051 2523 1100 lo-

1450 1113 1631 1174 cuples
1653 1112 1904 1173 moriaris,
1945 1111 2220 1162 manifesta
2255 1114 2523 1177 phrenesis

1449 1183 1534 1225 est
1567 1176 1671 1239 xiv,
1705 1180 1799 1225 157
1867 1176 2022 1225 modo
2045 1177 2235 1237 licest3
2271 1178 2398 1229 fient
2421 1180 2524 1229 iste

1450 1241 1620 1304 pelam
1664 1242 1718 1305 ii,
1756 1245 1849 1289 155
1930 1240 2063 1290 facie
2102 1243 2305 1304 majoris
2339 1258 2524 1294 census

1450 1305 1538 1368 vii,
1564 1310 1656 1356 157
1724 1306 1894 1354 aliena
1914 1307 2110 1370 quadra
2143 1321 2192 1364 v,
2215 1312 2246 1355 2
2314 1308 2523 1358 vivendi

1450 1383 1631 1419 causas
1654 1371 1872 1434 perdere
1892 1380 2112 1435 propter
2135 1372 2292 1420 vitam
2329 1372 2521 1436 viii58⁴

1450 1449 1607 1484 causo
1632 1435 1815 1499 quibus
1837 1435 1887 1482 in
1912 1437 2021 1485 solo
2047 1436 2220 1498 palato
2242 1445 2323 1485 est
2361 1437 2433 1498 xi,
2458 1442 2519 1488 11

1451 1499 1729 1547 vivendum
1753 1507 1830 1548 est
1852 1499 1962 1548 illie
2000 1500 2074 1559 iii,
2100 1505 2193 1549 197
2261 1511 2401 1550 reete
2423 1509 2525 1564 est,

1452 1577 1570 1612 cum
1593 1571 1808 1627 propter
1832 1565 2070 1627 plurima,
2092 1573 2199 1613 tum
2223 1566 2300 1614 his
2339 1566 2522 1630 praeci-

1453 1643 1555 1690 pue
1586 1628 1651 1675 de
1686 1629 1876 1689 ceusiS,
1911 1636 1969 1678 ut
2009 1629 2206 1692 linguas
2245 1631 2525 1694 mancipio-

1451 1706 1564 1740 rum
1588 1699 1887 1741 contemnas
1926 1694 1996 1754 ix,
2032 1698 2130 1742 118
2197 1695 2416 1744 viventis
2439 1711 2523 1745 cu·

1443 1755 1649 1818 jusdam
1675 1771 1793 1806 rure
1833 1765 2050 1820 paterno
2074 1773 2259 1821 magna
2281 1759 2420 1807 sama
2442 1767 2525 1810 est

1453 1820 1520 1881 vi,
1543 1825 1607 1869 56
1663 1822 1953 1871 viventibus
1974 1823 2059 1871 diu
2082 1822 2192 1871 baec
2211 1823 2331 1872 dato
2352 1838 2526 1887 pena,
2564 1871 2573 1876 ,

1451 1886 1753 1934 ut—multis
1774 1888 1826 1935 in
1852 1887 2073 1936 luctibus
2109 1897 2385 1939 senescant
2420 1896 2523 1939 cet.

1453 1965 1505 2012 x,
1529 1951 1639 2015 324³
1679 1965 1759 2015 sq.
1824 1952 2056 2001 victurus
2100 1968 2166 2001 an
2204 1953 2272 2003 sit
2316 1953 2523 2004 adulter

1452 2023 1573 2078 post
1613 2015 1628 2063 i
1670 2030 1779 2064 sam
1818 2016 1886 2076 vi,
1925 2021 2020 2065 567
2108 2017 2310 2067 victuro
2354 2026 2524 2070 musto

1454 2081 1573 2145 quis
1596 2094 1630 2143 p
1654 2095 1742 2130 ura
1763 2081 1882 2129 linit
1904 2081 2042 2130 doliu
2060 2082 2131 2143 ix,
2155 2086 2219 2131 58

1516 2145 1682 2194 Vivus
1704 2160 1797 2194 cur
1824 2145 2032 2195 dederit
2054 2148 2215 2196 multo
2246 2149 2433 2211 puellae
2467 2148 2527 2210 ii,

1453 2213 1519 2258 59
1586 2210 1703 2259 vivo
1721 2210 1887 2260 adbuc
1910 2211 2158 2274 sanguine
2174 2218 2367 2261 terrum
2388 2212 2527 2264 subi-

1454 2279 1573 2322 tura
1594 2275 1836 2324 sacerdos
1872 2275 1942 2336 iv,
1984 2281 2046 2325 10
2103 2277 2218 2340 jam
2257 2277 2526 2329 decresce-

1454 2338 1548 2387 bat
1593 2338 1824 2388 Homero
1867 2340 1966 2389 hoc
2010 2354 2172 2403 genus
2214 2341 2529 2406 (hominum)

1453 2417 1544 2465 xv,
1578 2407 1644 2452 69
1724 2411 1875 2466 putre
1915 2404 2072 2453 datur
2113 2405 2232 2454 solis
2274 2407 2524 2458 militibus

1455 2467 1684 2517 testandi
1700 2469 1790 2531 jus
1814 2470 1922 2531 xvi,
1946 2475 2010 2518 52

1521 2531 1627 2580 Vix
1673 2531 1833 2581 ferret
1881 2534 1954 2594 iii,
1996 2537 2090 2582 251
2183 2533 2285 2584 duo
2339 2534 2527 2585 funera

1456 2602 1657 2645 tantum
1683 2597 1923 2646 redolent
1945 2598 2013 2657 iv,
2040 2602 2134 2646 109
2191 2598 2414 2648 fractum
2441 2614 2528 2663 pn-

1455 2675 1576 2710 nem
1605 2676 1655 2725 v,
1686 2666 1751 2710 68
1815 2662 1899 2711 cui
1923 2662 1975 2710 in
2000 2662 2229 2726 Cyclada
2251 2662 2389 2712 mitti
2410 2677 2529 2713 con-

1455 2725 1577 2789 tigit
1618 2727 1684 2788 vi,
1718 2730 1813 2775 565
1873 2727 2021 2789 jacet
2043 2733 2225 2775 aurato
2247 2728 2351 2775 ulla
2373 2741 2529 2790 puer·

1456 2804 1586 2854 pers
1605 2792 1747 2841 lecto
1770 2791 1839 2853 vi,
1857 2796 1952 2841 594
2006 2798 2118 2841 tots
2140 2791 2237 2841 hoc
2261 2806 2357 2854 ego
2374 2799 2528 2842 nocte

1456 2855 1656 2905 redemi
1694 2857 1766 2917 ix,
1801 2860 1867 2904 76
1950 2856 2238 2906 cornicines
2280 2855 2528 2906 exaudiet

1456 2934 1509 2983 x,
1530 2924 1627 2969 214
1695 2921 1931 2984 exiguam
1948 2922 2200 2970 malorum
2221 2921 2530 2985 particulam

1457 2983 1595 3033 ferre
1616 2992 1766 3048 potes
1789 2985 1897 3044 xiii,
1923 2989 1983 3034 14
2051 3000 2202 3050 quem
2226 2987 2422 3049 patuloe
2444 3001 2532 3037 ce-

1457 3056 1610 3114 perat
1644 3049 1859 3113 sngulus
1897 3064 2031 3098 srcae
2074 3049 2184 3111 xiii,
2221 3054 2286 3099 74
2354 3050 2530 3101 dicere

1456 3114 1623 3177 possis
1660 3114 1766 3175 xiv,
1803 3118 1896 3162 150
1963 3114 2201 3178 cuiquam
2225 3128 2375 3164 nesus
2398 3115 2530 3166 inte·

1458 3192 1553 3242 ger
1575 3193 1663 3242 xv,
1682 3184 1743 3227 55

1522 3242 1728 3292 vocalis
1770 3244 2005 3307 sportula
2047 3242 2162 3306 xiii,
2205 3248 2268 3293 52
2349 3245 2531 3296 vocale

1459 3308 1543 3357 elo
1579 3309 1718 3356 uium
1743 3309 1906 3357 nectit
1927 3307 2092 3359 modis
2115 3309 2319 3358 canoris
2349 3308 2437 3373 vil,
2467 3314 2530 3359 19

1575 3380 1695 3422 ocst
1732 3373 1819 3422 ille
1861 3372 2102 3436 pudicum
2146 3374 2280 3423 tanti
2322 3373 2391 3433 vi,
2434 3377 2531 3423 157

1460 3436 1506 3484 si
1540 3435 1764 3487 officium
1798 3436 1873 3498 iii,
1905 3441 2003 3486 259
2069 3452 2313 3487 vocamus
2339 3450 2528 3486 nonum
2592 3478 2597 3483 .

1458 3501 1727 3565 cujusdam
1772 3501 1992 3551 Atlante
2036 3502 2141 3564 viii,
2188 3505 2252 3550 52
2340 3508 2532 3551 vocant

1448 3566 1685 3629 jumenta
1708 3566 1782 3627 iii,
1816 3570 1913 3615 516
1979 3564 2181 3614 vocarit
2203 3578 2532 3629 quocumque

1461 3645 1581 3693 spes
1622 3631 1770 3692 lucri,
1816 3630 1994 3679 classis
2038 3630 2217 3678 veniet
2282 3628 2385 3689 xiv,
2430 3632 2529 3678 277

1461 3701 1733 3744 vocantem
1754 3701 1807 3743 te
1826 3694 1892 3742 ad
1911 3693 2125 3742 delubra
2144 3692 2398 3756 praecedit
2420 3693 2532 3756 xiii,

1461 3763 1556 3807 107
1642 3757 1707 3806 nd
1739 3760 1862 3822 jure
1903 3772 1989 3819 xv,
2030 3760 2123 3805 155
2194 3764 2445 3807 vocantur
2476 3757 2530 3807 in

1462 3823 1731 3873 consilium
1756 3836 1997 3886 proceres
2025 3821 2093 3883 iv,
2114 3825 2178 3871 72
2244 3821 2433 3872 hilares
2453 3822 2531 3872 ni-

1461 3888 1661 3952 tidique
1705 3887 1778 3949 xi,
1823 3891 1917 3936 176
2000 3886 2172 3936 vocari
2212 3901 2244 3937 a
2290 3900 2530 3951 praecone

1458 3953 1774 4017 Trojugenss
1789 3952 1944 4015 jubet
1960 3951 1998 4014 i,
2017 3955 2083 4000 99
2147 3958 2361 4001 vocatus
2378 3950 2532 4001 adest

1458 4017 1696 4066 minister
1731 4031 1779 4080 v,
1806 4021 1869 4066 65
1934 4024 2119 4065 vocato
2141 4022 2341 4066 tortore
2365 4016 2531 4066 uritur

1460 4082 1566 4145 xiv,
1587 4087 1649 4132 21
1718 4080 1981 4132 vocandus
2016 4081 2140 4131 mibi
2174 4095 2317 4147 saepe
2348 4087 2431 4130 est
2462 4079 2528 4128 sd

1460 4154 1640 4213 partes
1662 4147 1734 4210 iv,
1759 4152 1785 4198 1

1525 4214 1685 4264 Volat
1705 4218 1875 4266 mater
1894 4211 1959 4264 sd
1984 4212 2151 4279 pullos
2186 4226 2239 4274 x,
2274 4211 2374 4259 252
2410 4264 2417 4271 ,
2444 4220 2526 4259 vo-
