3050 4913
524 375 697 445 1234
1230 396 1623 447 ascensus
1675 397 2106 448 emmonim

526 537 722 615 sisque.
762 538 1075 600 Sodalibus
1122 540 1472 619 Bipontinis,
1511 551 1850 602 memoratas
1896 551 2051 613 sunt,
2094 560 2209 601 non
2256 540 2469 601 dubito
2518 552 2735 614 tamen,

526 635 671 713 quin
699 636 829 697 aliae
855 636 1072 709 adbuc,
1100 637 1241 699 mibi
1280 658 1390 698 nec
1431 637 1570 698 visoe
1610 657 1720 697 nec
1749 637 2026 717 cognitae,
2055 637 2114 696 in
2158 638 2353 697 lucem
2393 638 2741 717 prodierint,

527 742 587 791 et
613 733 830 810 passim
872 733 929 792 in
977 734 1370 806 bibliothecis,
1412 734 1536 795 sive
1565 734 1818 812 publicis
1857 735 1977 795 sive
2020 735 2287 814 privatis,
2318 736 2561 796 lateant.
2649 739 2742 798 Ex

526 848 727 889 earum
758 828 962 890 Indice
1001 830 1326 909 apparebit,
1368 851 1462 890 me
1508 832 1567 890 in
1608 832 2040 911 antiquioribus
2078 832 2455 893 recensendis
2495 833 2747 912 diligen·

528 925 739 989 tiorem
765 924 963 999 fuisse,
995 947 1170 1007 quam
1217 928 1275 986 in
1321 927 1782 989 recentioribus:
1827 948 2020 1007 neque
2062 930 2218 990 enim
2259 951 2327 991 ea
2365 931 2743 1010 potissimum

532 1020 766 1082 ‘consilii
796 1025 906 1082 mei
944 1024 1090 1084 ratio
1120 1024 1251 1095 suit,
1284 1036 1348 1086 ut
1376 1045 1579 1086 omnes
1605 1046 1676 1085 ac
1707 1026 1985 1105 singulas,
2015 1026 2119 1087 sed
2151 1036 2219 1088 ut
2244 1048 2344 1089 eus
2374 1029 2744 1107 potissimum

529 1139 933 1197 percenset-em
963 1121 1270 1194 editiones,
1295 1144 1329 1183 e
1359 1124 1578 1202 quibus
1605 1124 1827 1203 aliquid
1856 1124 1949 1185 vel
1967 1124 2046 1185 ad
2068 1136 2415 1187 contextum
2439 1127 2474 1186 J
2482 1127 2746 1187 uvenalis

522 1215 956 1297 historiamque
986 1218 1114 1296 ejus
1143 1218 1592 1291 conficiendam,
1622 1223 1715 1281 vel
1743 1221 1819 1281 ud
1850 1222 2392 1302 interpretationem
2419 1230 2612 1301 poene
2638 1223 2747 1284 ad-

526 1312 870 1392 juvandam.
901 1315 1165 1376 utilitatis
1207 1315 1582 1377 redundaret.
1668 1319 1907 1378 Restat·
1920 1338 2096 1390 nunc,
2128 1330 2194 1379 ut
2228 1319 2586 1379 editionibus
2629 1321 2749 1379 sin·

532 1409 778 1485 gulatim
825 1414 1202 1486 enumeratis,
1253 1414 1518 1475 universe
1577 1414 1850 1494 quaedam
1909 1425 2034 1476 tum
2090 1416 2167 1475 de
2222 1416 2631 1477 stemmatibus
2682 1427 2746 1476 et

534 1505 791 1579 familiis,
842 1521 965 1571 tum
1023 1512 1098 1572 de
1153 1510 1349 1571 indole
1392 1532 1590 1572 earum
1646 1512 2022 1592 subjungam.
2127 1514 2284 1583 Quae
2331 1512 2572 1591 quidem
2628 1514 2751 1574 tela

536 1605 742 1682 paucis
768 1610 993 1685 pertexi
1036 1610 1248 1689 poterit
1278 1610 1484 1680 verbis,
1518 1610 1796 1689 quoniam
1827 1630 2005 1690 supra
2042 1610 2170 1688 jam
2213 1609 2289 1670 ad
2320 1611 2587 1688 quamvis
2625 1613 2751 1669 edi·

539 1702 779 1774 tionem,
812 1725 945 1784 quae
991 1706 1066 1765 ad
1111 1706 1255 1765 illud
1297 1708 1605 1768 consilium
1647 1727 1842 1768 nucum
1893 1719 2143 1788 spectat,
2186 1708 2408 1778 monui,
2455 1707 2532 1766 ad
2583 1708 2749 1785 quod

535 1821 735 1863 earum
760 1826 942 1884 genus
966 1816 1026 1864 et
1048 1802 1125 1863 ad
1153 1824 1326 1883 quam
1351 1806 1601 1865 classem
1624 1823 1698 1864 ea
1716 1804 1789 1864 sit
1810 1804 2133 1866 reserenda.
2206 1806 2360 1865 Cum
2384 1824 2523 1864 vero
2542 1807 2749 1864 multae

540 1892 853 1974 editioneS,
877 1915 938 1963 et
967 1902 1116 1961 inter
1138 1902 1242 1959 bas
1267 1900 1540 1979 quaedam
1570 1901 2084 1973 memorabiliores,
2118 1922 2172 1961 v.
2191 1921 2248 1962 c.
2276 1900 2755 1961 Mediolanenses

538 2012 600 2060 et
625 2000 881 2069 Juntina,
914 1999 1058 2058 mihi
1088 1994 1349 2055 nondum
1383 1995 1439 2055 in
1471 1996 1741 2055 manibus
1771 1996 2006 2068 fuerint,
2038 2009 2099 2058 et
2128 2019 2264 2077 quae
2293 2018 2329 2058 a
2358 2017 2450 2057 me
2481 1998 2598 2057 sint
2626 2000 2757 2058 col·

539 2100 696 2164 latae,
726 2095 991 2175 quamvis
1037 2094 1241 2172 ingens
1283 2111 1483 2152 earum
1532 2113 1808 2167 numerus
1845 2097 1942 2166 sit,
1975 2115 2090 2155 non
2121 2095 2408 2155 sufficiant
2452 2094 2527 2153 ad
2571 2114 2756 2155 accu-

538 2205 726 2256 ratam
756 2204 951 2255 textus
978 2193 1011 2252 J
1021 2190 1274 2251 uveualis
1303 2190 1604 2251 historiam
1633 2192 2029 2264 condendam,
2060 2212 2317 2271 cumque
2359 2193 2472 2252 ista
2502 2192 2581 2251 re'i
2625 2192 2760 2251 lite-

535 2292 699 2365 rarioe
739 2290 1032 2350 subtilitas
1070 2309 1180 2350 nec
1209 2288 1353 2358 otio,
1386 2308 1495 2349 nec
1540 2291 1744 2353 animo
1776 2290 2128 2369 ingenioque
2164 2308 2296 2350 meo
2325 2290 2467 2349 satis
2510 2306 2759 2367 respon·

540 2389 716 2449 deat:
761 2408 878 2449 non
919 2400 1192 2451 accurate
1245 2395 1304 2446 et
1351 2388 1643 2463 absolute,
1675 2390 1779 2453 sed
1809 2408 2004 2450 crassa
2049 2396 2279 2449 tantum
2324 2398 2385 2446 et
2432 2385 2652 2465 pingui,
2685 2393 2758 2444 nt

540 2487 720 2558 aiunt,
747 2489 1010 2548 Minerva
1037 2488 1223 2548 omnis
1245 2489 1374 2549 haec
1401 2507 1582 2566 opera
1609 2508 1644 2547 a
1672 2508 1765 2548 me
1799 2485 2006 2566 pertici
2035 2484 2289 2564 poteritg
2342 2503 2523 2562 quam
2551 2484 2761 2560 itaque

545 2594 610 2660 ut
650 2584 810 2664 aequi
856 2586 1113 2666 bonique
1158 2587 1469 2648 consulant
1516 2585 1619 2644 viri
1673 2586 1859 2656 docti,
1902 2584 2079 2644 etiam
2122 2591 2303 2660 atque
2355 2580 2534 2641 etiam
2581 2598 2756 2657 rogo.

542 2682 792 2742 Meliora
822 2681 971 2743 sorte
1013 2693 1072 2743 et
1119 2682 1468 2761 perfectiora
1498 2694 1735 2761 tempus
1763 2681 1947 2753 dabit,
1994 2681 2045 2740 si
2084 2679 2376 2741 editiones
2417 2697 2454 2737 a
2499 2697 2592 2736 me
2633 2695 2759 2735 non

542 2780 853 2856 iuslmctas,
879 2780 975 2838 alii
1004 2779 1307 2856 diligenter
1345 2781 1725 2841 excusserint.
1813 2779 2071 2840 Multum
2100 2788 2295 2839 tamen
2338 2776 2475 2836 inde
2518 2774 2760 2834 fructus

542 2877 617 2935 ad
655 2877 846 2960 ipsum
877 2884 1114 2954 poetam
1143 2877 1465 2936 rediturum
1495 2896 1643 2948 esse,
1676 2876 1768 2935 vix
1811 2875 2185 2955 speraverim.

624 2973 893 3033 Romana
938 2973 1211 3052 princeps
1261 2995 1294 3033 e
1343 2973 1553 3035 codice
1599 2992 1804 3049 parum
1851 2973 2165 3032 emendato
2207 2968 2396 3029 fluxit.
2480 2967 2766 3028 Meliores

544 3069 898 3129 membranae
926 3070 1102 3148 paulo
1131 3081 1261 3150 post
1288 3071 1574 3131 adhibitae
1602 3070 1662 3129 in
1694 3071 1949 3140 Venetis,
1982 3089 2018 3128 a
2047 3068 2285 3147 quibus,
2320 3075 2385 3125 ut
2426 3065 2485 3124 in
2516 3064 2762 3144 Virgilio

541 3175 602 3226 et
630 3166 901 3235 Horatio,
932 3167 1187 3245 primum
1214 3171 1247 3230 J
1258 3168 1514 3229 uveuulis
1544 3168 1720 3229 lectio
1761 3168 1842 3227 ita
1887 3167 2116 3227 videtur
2145 3164 2492 3234 constituta,
2538 3173 2603 3221 ut
2643 3180 2760 3241 per

542 3282 746 3322 omnes
787 3275 1209 3343 propagaretur
1260 3267 1474 3327 Soeculi
1522 3282 1641 3325 xv,
1697 3263 2005 3337 editiones,
2051 3263 2321 3343 quamvis
2375 3264 2579 3319 harum
2634 3257 2762 3318 fere

543 3358 705 3436 nulla
731 3359 823 3429 sit,
847 3379 981 3440 quae
1003 3360 1175 3438 plane
1204 3361 1515 3424 conveniat
1543 3380 1682 3421 cum
1708 3361 2006 3440 superiore
2034 3361 2252 3438 aliqua.
2340 3359 2618 3436 Magnam
2651 3374 2766 3433 po-

546 3457 832 3518 tissimum
877 3459 1160 3519 familiam
1186 3459 1351 3528 ducit
1379 3461 1607 3520 Veneta
1633 3459 1841 3538 prima,
1870 3478 1928 3519 a.
1967 3466 2140 3538 1475.
2168 3475 2306 3518 cum
2338 3453 2586 3513 Domitii
2618 3452 2766 3513 Cal·

544 3554 749 3632 (lerini,
780 3557 883 3634 qui
908 3556 1084 3617 etiam
1115 3555 1425 3618 codicibus
1453 3559 1598 3617 Mss.
1632 3577 1761 3616 usus
1787 3554 2363 3634 esu-dommeutariis
2392 3551 2652 3629 vulgata,
2678 3569 2762 3607 ex

548 3671 666 3739 qua
694 3673 986 3732 expressae
1014 3666 1151 3715 sunt
1178 3656 1421 3716 Veneta
1456 3663 1630 3715 14⁸2.
1684 3652 1838 3712 binae
1874 3660 2049 3715 1488.
2103 3658 2282 3712 1485.
2344 3657 2519 3716 1487.
2548 3646 2625 3706 al.
2654 3645 2767 3703 vi·

547 3757 704 3806 cent.
739 3759 912 3811 1480.
963 3753 1294 3830 Lipsieuses
1331 3761 1507 3823 1497.
1564 3759 1737 3813 1502.
1793 3759 1969 3812 1504.
2020 3760 2194 3818 1507.
2236 3757 2354 3807 cet.
2438 3746 2534 3805 Ad
2564 3762 2773 3804 emen-

547 3843 810 3905 dandum
841 3849 1055 3909 deinde
1084 3850 1386 3910 Juvenalis
1429 3859 1655 3909 textum
1702 3868 1819 3927 ope
1861 3849 2140 3908 librorum
2170 3846 2519 3922 scriptorum
2563 3860 2779 3900 acces-

547 3950 749 4001 serunt
783 3945 947 4005 Valla
988 3948 1048 4004 in
1075 3951 1299 4006 Veneta
1354 3946 1549 4017 1486„
1592 3956 1654 4005 et
1698 3945 2100 4006 maciacum
2141 3945 2198 4003 in
2255 3943 2481 4000 Veneta
2509 3937 2774 3998 Tacuini

548 4037 625 4097 de
653 4039 899 4100 Tridino
936 4052 1110 4116 1492.
1192 4044 1361 4102 Illam
1392 4043 1736 4121 plerumque
1764 4053 2091 4120 sequuntur
2104 4042 2349 4099 Venetae
2382 4039 2555 4095 1491.
2584 4042 2775 4105 1492.

545 4138 904 4215 (Locatelli).
960 4149 1134 4214 1498.
1201 4149 1379 4203 1501.
1434 4143 1586 4203 benc
1632 4161 1775 4203 vero
1826 4142 2052 4206 Veneta
2106 4148 2287 4210 1494.
2382 4134 2769 4214 Norimberg.

558 4243 731 4309 1497.
758 4246 821 4299 et
853 4236 1220 4304 Asceusianae
1247 4257 1456 4299 novem
1486 4237 1682 4318 Lugd.
1716 4244 1892 4309 1498.
1935 4246 2113 4300 1501.
2161 4241 2339 4304 1507.
2370 4238 2545 4294 1511.
2585 4237 2778 4296 1512.
