3050 4913
470 314 604 381 124

1240 327 1309 378 A.
1360 316 1606 378 Pnfnsn
1658 319 1922 375 PLAcct

475 475 615 539 Hic
645 479 828 538 satur
856 472 1098 555 irriguo
1128 474 1379 536 mavult
1405 477 1774 554 turgescere
1803 488 2064 535 somno:

478 576 616 641 Hic
649 576 912 659 Campo
942 577 1260 658 indulget:
1306 576 1482 639 bunc
1512 576 1661 637 alea
1692 574 2028 656 decoquit:
2072 570 2182 634 ille

476 677 560 743 Iu
588 676 912 741 Venerem
940 682 1042 740 est
1068 678 1321 760 putris:
1369 676 1487 740 sed
1517 697 1670 740 cum
1699 675 2012 757 lapidosa
2045 673 2341 754 chiragra

478 778 774 861 Fregerit
805 780 1139 857 articuIOS,
1163 780 1406 844 veteris
1435 779 1718 841 ramalia
1746 777 1922 858 fagi3

479 986 611 1030 totus
629 986 758 1030 mut
777 981 998 1043 saginari
1018 996 1176 1031 somno
1197 980 1456 1044 irrigante.-
1490 983 1568 1031 ille
1589 983 1765 1044 Campo
1790 981 1986 1031 Martio
2007 982 2294 1031 delectatur.-
2325 979 2470 1027 ἰεΐιιιιι
2488 976 2709 1027 abania

478 1049 615 1097 ludus
630 1062 647 1096 .·
679 1045 756 1095 hic
778 1047 829 1095 in
856 1048 1077 1096 Venerem
1094 1051 1164 1096 est
1185 1048 1377 1097 solutus.
1441 1048 1511 1098 At
1535 1049 1718 1111 quando
1751 1046 1978 1108 chiragra
2006 1047 2233 1095 calculasti
2264 1045 2453 1095 solverit
2486 1041 2710 1092 membru

1405 1195 1610 1216 ΟΟΟΟΟΟ

1618 1196 1761 1215 00000

484 1302 549 1347 58
581 1298 743 1363 est,in
765 1300 870 1349 Ms.
896 1298 963 1349 R.
986 1299 1160 1363 deest3
1197 1305 1253 1349 et
1290 1300 1333 1349 is
1377 1316 1408 1348 a
1450 1316 1603 1350 mann
1643 1299 1887 1351 secunda.
1953 1299 2014 1348 In
2063 1298 2179 1348 Veri.
2206 1297 2384 1361 putris,
2419 1300 2466 1346 et
2504 1308 2612 1344 cum
2637 1292 2707 1343 C.

1488 1430 1711 1481 NoTAE

486 1534 637 1578 rente
662 1542 810 1591 rugas
833 1526 1111 1578 contrabit.
1144 1528 1281 1579 Plin.
1309 1541 1411 1578 xri.
1437 1531 1487 1577 7.

552 1604 953 1665 Pallentisgranu
967 1605 1165 1668 maini]
1200 1603 1553 1668 synecdoche.

488 1680 701 1745 Species
743 1694 836 1745 pro
879 1695 1083 1745 genere.
1164 1682 1231 1733 ld
1272 1687 1371 1744 est,
1413 1682 1557 1730 varia

488 1763 724 1806 aromata
745 1757 797 1806 in
820 1757 962 1807 Indis
982 1760 1266 1810 nascentia.

554 1833 809 1898 Patientis]
876 1835 1085 1900 Quippe
1108 1835 1424 1886 sumentibus
1447 1835 1560 1898 pal-

488 1910 652 1959 lorem
688 1910 979 1974 ingenerat,
1015 1918 1075 1959 ut
1098 1910 1257 1960 babet
1290 1910 1429 1960 Plin.
1456 1923 1556 1959 xx.

494 1989 574 2036 14.
603 1986 868 2041 ⁴Horatium*
893 1987 1063 2051 Epist.
1090 2002 1127 2038 1.
1164 1991 1241 2037 19.
1279 1987 1353 2037 ita
1374 1989 1562 2037 stultos

493 2061 782 2111 imitatores
817 2063 1046 2112 deridet:
1083 2066 1098 2091 ‘
1119 2063 1272 2116 Quod
1314 2063 1356 2112 si
1389 2063 1558 2112 Palle-

494 2150 602 2186 rem
643 2152 786 2198 cusu,
819 2137 1060 2188 biberent
1099 2153 1361 2203 exsangue
1400 2138 1559 2189 cumi-

496 2218 655 2262 num.’

560 2295 626 2339 ⁶6
661 2291 761 2341 Hic
775 2296 929 2352 satur,
944 2291 1046 2355 afa]
1094 2293 1193 2342 Ille
1215 2292 1377 2343 inhiat
1397 2293 1563 2354 lucro,

496 2366 578 2420 hic
597 2367 704 2417 otio
726 2376 784 2417 et
804 2368 1155 2432 voluptatibus
1175 2369 1430 2433 indulget.

562 2443 760 2507 Irriguo
780 2446 961 2495 mavult
979 2449 1245 2508 turgescere
1263 2446 1444 2511 som]
1464 2448 1566 2498 Re·

498 2521 657 2572 soluti
689 2527 745 2572 et
779 2522 998 2587 dispersi
1032 2539 1065 2572 u
1086 2523 1304 2572 cerebro
1324 2524 1564 2574 humores

501 2597 678 2657 crassi,
699 2605 817 2661 post
839 2599 1105 2662 crapulam
1129 2600 1381 2663 inprimis,
1416 2602 1567 2651 obtu-

502 2680 864 2737 rantmeatus,
885 2676 1113 2724 obruunt
1135 2690 1334 2737 sensus,
1359 2682 1412 2724 et
1434 2691 1569 2725 som·

501 2764 627 2801 num
646 2748 867 2812 faciunt,
901 2765 1004 2814 quo
1043 2751 1341 2815 pinguescit
1361 2760 1567 2815 corpus.

502 2824 692 2890 virgil.
736 2827 936 2877 AEneid.
979 2840 1070 2877 111.
1126 2829 1141 2857 ‘
1178 2828 1362 2878 Fessos
1412 2843 1570 2893 sopor

505 2900 690 2964 irrigat
713 2902 889 2951 artus!
1402 2931 1409 2938 -

572 2983 637 3028 57
673 2979 775 3028 Hic
796 2982 973 3044 Cempo
994 2981 1234 3046 indulget]
1276 2981 1380 3032 Hic
1399 2996 1455 3031 se
1477 2981 1571 3032 dat

513 3057 798 3121 ambitioni,
840 3067 899 3109 et
942 3059 1235 3125 quaerendis
1277 3061 1576 3123 bonoribus,

510 3133 598 3199 qui
620 3133 924 3185 obtinentur
944 3143 999 3184 et
1015 3134 1203 3187 dantur
1217 3151 1314 3202 per
1332 3134 1577 3201 suffragiu

509 3211 691 3276 populi
712 3211 766 3259 in
790 3212 987 3275 Campo
1020 3212 1211 3262 Martio
1240 3213 1573 3276 congregati:

512 3289 617 3350 vel,
657 3290 851 3354 gaudet
889 3289 1152 3338 exercitiis
1188 3289 1296 3339 illic
1335 3289 1576 3339 assuetis.

513 3366 762 3417 Horatius
806 3365 871 3415 ad
917 3366 1170 3416 Pisones:
1207 3368 1223 3394 ‘
1244 3365 1448 3415 Ludere
1491 3365 1580 3429 qui

515 3443 697 3507 nescit,
731 3442 1104 3507 campestribus
1140 3441 1368 3492 abstinet
1390 3440 1578 3490 armis!

516 3519 775 3570 Nimirum
832 3528 953 3584 post
1007 3520 1207 3584 ejectos
1260 3519 1582 3584 Tarquinios,

517 3609 728 3660 campus
750 3597 835 3648 bic
858 3598 946 3663 qui
965 3597 1166 3647 illorum
1198 3595 1390 3657 fuerat,
1420 3594 1584 3645 Marti

518 3681 850 3734 consecratus
888 3681 986 3726 est.
1052 3674 1115 3723 ln
1154 3687 1217 3722 eo
1254 3674 1486 3722 Romana
1523 3685 1581 3720 se

512 3748 758 3813 juventus
779 3751 1091 3810 exercebam
1127 3749 1199 3798 ibi
1230 3748 1391 3799 etium
1426 3746 1584 3797 habe·

524 3825 712 3876 bantur
749 3827 959 3875 comitia
993 3824 1231 3875 creandis
1261 3824 1584 3888 magistrati·

521 3900 636 3953 bus.
654 3901 764 3952 Tit.
784 3902 899 3952 Liv.
925 3916 988 3952 ιι.
1001 3908 1054 3952 6.
1073 3900 1228 3952 Alex.
1244 3901 1310 3950 ab
1329 3899 1585 3952 Alexand.

521 3992 614 4030 ιιι.
630 3982 713 4029 23.

530 4081 535 4085 ·
587 4057 736 4108 Aion,
763 4054 1002 4118 decoquit]
1095 4054 1225 4103 Rem
1283 4051 1588 4103 familiarem

526 4132 727 4196 exedit,
767 4130 1058 4182 facultates.
1094 4130 1340 4193 absumit,
1381 4130 1592 4195 inopem

528 4208 720 4270 reddit.
788 4207 1089 4263 Herodotus
1123 4205 1210 4275 (ut
1236 4207 1413 4260 notavi
1434 4208 1591 4260 Satir.

1635 1541 1720 1577 ur.
1745 1541 1819 1579 vs.
1841 1525 1949 1591 ⁴8.)
1988 1527 2252 1575 inventam
2275 1524 2351 1575 ait
2382 1524 2562 1581 aleam,
2603 1535 2712 1585 per

1636 1618 1850 1653 annon-«e
1897 1602 2277 1664 difficultatem,
2319 1616 2351 1649 a
2407 1600 2580 1663 Lydis,
2639 1598 2712 1648 ad

1636 1679 2010 1730 discutiendam
2035 1679 2242 1729 famem.
2311 1678 2477 1726 Porro
2512 1675 2713 1725 decoc-

1636 1765 1776 1808 tores
1805 1758 2137 1819 dicebantur,
2176 1757 2263 1822 qui
2300 1770 2417 1804 curu
2455 1751 2715 1802 solvendo

1639 1849 1740 1884 nou
1764 1842 1956 1896 essent,
1979 1848 2235 1884 versuram
2259 1831 2539 1881 faciebant.
2597 1828 2717 1877 Ho-

1641 1919 1742 1961 rat.
1780 1911 1948 1976 Epist.
1992 1925 2031 1961 1.
2076 1916 2155 1960 18.
2207 1911 2221 1937 ‘
2250 1911 2417 1961 Quem
2459 1907 2717 1955 damnosa

1639 1989 1835 2050 Venus,
1858 2003 2012 2052 quem
2032 2002 2266 2051 praeceps
2290 1986 2401 2034 alea
2418 1980 2614 2032 nudat!

1705 2068 1770 2113 58
1808 2065 1892 2114 lue
1912 2065 1966 2113 ia
1995 2064 2217 2113 Venerem
2249 2066 2319 2111 est
2357 2060 2534 2124 putris]
2565 2057 2717 2108 Libi-

1641 2140 1760 2190 dine
1779 2147 1835 2190 et
1865 2140 2023 2189 nimio
2050 2139 2254 2188 infamis
2287 2137 2569 2202 voluptatis
2614 2150 2713 2185 usu

1639 2216 1714 2266 sic
1755 2222 2052 2278 enervatur,
2089 2221 2147 2264 ut
2174 2214 2332 2263 etiam
2357 2213 2565 2277 putidos
2587 2225 2715 2261 con·

1641 2293 1815 2342 trahat
1853 2293 2070 2342 morbosi.
2109 2291 2479 2355 Hippocrates,
2512 2288 2717 2352 Celsus,

1642 2372 1748 2421 elii.
1828 2371 1948 2421 Huc
1970 2369 2101 2420 facit
2122 2370 2256 2435 qnod
2281 2368 2636 2429 Casaubonus,
2656 2371 2718 2416 et

1641 2449 1729 2500 alii
1753 2448 1958 2515 quidam
1981 2449 2178 2513 legunt,
2197 2449 2249 2496 in
2289 2448 2510 2497 Venerem
2528 2448 2716 2510 putrer,

1642 2524 1696 2574 id
1742 2532 1841 2587 est,
1879 2525 2152 2589 putrescit.
2217 2523 2318 2572 Vel
2369 2522 2586 2586 simplex
2634 2526 2718 2568 est

1646 2602 1871 2653 imitatio
1916 2603 2105 2653 Horat.
2132 2601 2236 2652 Od.
2276 2614 2315 2649 r.
2355 2604 2437 2650 36.
2480 2600 2718 2648 ‘Omnes

1648 2680 1700 2728 in
1720 2680 1981 2728 Damalim
2005 2685 2183 2742 putres
2200 2679 2482 2740 Deponent
2499 2673 2717 2724 oculos?

1714 2756 1951 2818 lapidosa
1968 2755 2212 2817 chiragra]
2225 2755 2280 2802 Ἥ
2297 2753 2421 2817 ἄγρα
2438 2753 2526 2810 τῆς
2541 2750 2721 2815 χειρὸς,

1650 2833 1794 2899 quasi
1830 2847 2005 2882 munus
2039 2832 2296 2882 vinculum
2329 2845 2419 2879 seu
2441 2829 2679 2893 captatio
2701 2845 2718 2877 :

1650 2910 1859 2959 morbus
1882 2910 2191 2971 articulariS,
2230 2921 2332 2973 quo
2351 2911 2597 2956 tenentur
2618 2917 2723 2954 ma·

1650 3000 1745 3035 nus
1764 2992 1937 3050 captae
1964 2986 2122 3034 veluti
2140 2999 2201 3034 ac
2227 2984 2466 3035 irretitae.

1718 3066 1783 3111 59
1816 3062 2042 3124 Fregerit
2083 3061 2330 3123 articulos]
2385 3060 2447 3109 In
2484 3058 2724 3109 articulis

1655 3138 1936 3203 digitorum
1980 3138 2186 3200 calculi,
2226 3136 2408 3201 lapilli,
2431 3136 2552 3184 nodi
2569 3142 2726 3198 gene-

1657 3221 1836 3265 rantur
1873 3229 1902 3264 e
1935 3215 2121 3264 crassis
2156 3214 2450 3263 humoribus
2474 3211 2736 3274 concreti,

1658 3292 1845 3358 quibus
1898 3291 2193 3340 cruciantur
2241 3289 2519 3352 arthritici,
2570 3288 2732 3352 digiti

1660 3369 1969 3433 quandoque
1994 3366 2387 3432 distorquentur
2422 3379 2730 3430 manusque,

1661 3450 1717 3494 et
1739 3445 1882 3509 quasi
1901 3443 2224 3508 franguntur.
2279 3442 2531 3492 Horatius
2552 3448 2730 3491 autem

1660 3522 1697 3572 l.
1737 3536 1799 3572 ιι.
1820 3523 1928 3572 Sat.
1945 3526 1992 3571 7.
2027 3524 2042 3550 ‘
2060 3521 2345 3586 Postquam
2368 3521 2443 3569 illi
2458 3520 2608 3584 justu
2621 3519 2731 3569 cbi-

1663 3613 1814 3663 rsgra
1834 3597 2087 3648 Contudit
2106 3595 2387 3647 articulos!
2454 3595 2524 3644 Et
2560 3595 2732 3659 Epist.

1665 3688 1704 3724 1.
1754 3674 1892 3723 idem
1918 3673 2170 3734 Horatius
2204 3678 2356 3722 vocat
2388 3672 2611 3720 nodosam
2631 3670 2730 3719 clii-

1660 3767 1873 3815 regrum.

1738 3827 1922 3878 Veteris
1937 3824 2282 3888 ramaliasagi]
2337 3825 2467 3875 Cum
2487 3830 2733 3874 senectus

1668 3910 1725 3955 et
1761 3904 2024 3953 luxuriosa
2060 3902 2170 3953 vita
2203 3901 2528 3952 debilitarint
2571 3901 2736 3952 homi·

1669 3996 1804 4044 nem,
1823 3982 1910 4045 qui
1950 3986 2032 4031 est
2068 3979 2249 4030 similis
2279 3979 2457 4028 arbori
2479 3979 2738 4039 iuver-⁸23

1671 4065 1728 4107 et
1751 4072 1870 4106 cum
1909 4057 2024 4121 ejus
2060 4055 2288 4106 membra
2326 4061 2433 4104 tam
2453 4055 2739 4105 inutilia&

1671 4132 1818 4181 arida
1830 4130 2074 4194 feceriut,
2101 4146 2255 4197 qnam
2290 4137 2416 4182 sunt.
2433 4130 2564 4180 rami
2587 4128 2738 4181 arbo·

1673 4208 1745 4260 ris
1767 4221 1969 4262 annosae
1993 4214 2048 4260 et
2071 4205 2386 4262 emorientis.
