3050 4913
464 341 594 408 lxii

463 507 563 555 200
629 501 788 551 habet
822 502 920 552 hoc
959 516 1014 565 x,
1046 505 1113 551 72
1200 501 1332 551 bene
1375 516 1427 564 x,
1465 506 1533 552 72

464 582 601 617 nnnc
646 572 787 615 totus
832 566 968 615 orbis
1002 573 1201 616 nostras
1239 565 1528 630 Graiusque

465 631 694 681 Athenas
739 646 822 688 xv,
883 635 979 679 110
1066 631 1285 694 quisque
1331 637 1531 679 tantum

464 696 606 758 fidei,
649 701 896 758 quamtum
940 709 1254 743 nummorum
1309 703 1415 744 cet.
1459 694 1535 757 iii,

470 765 563 810 1⁴4
631 760 811 823 ingens
836 773 984 807 omen
1016 758 1090 820 iv,
1131 763 1222 807 125
1293 758 1418 808 talia
1444 772 1533 821 po-

465 839 549 873 ma
575 823 848 873 Pha-acum
874 829 1179 872 auctumnus
1205 838 1255 882 v,
1296 828 1385 872 151
1455 837 1533 871 so·

466 889 543 937 lus
565 890 803 947 amicum,
823 902 1082 951 nunqnam
1105 888 1327 948 partitur
1349 887 1420 950 iii,
1439 890 1534 935 122

465 951 537 1001 nil
559 951 733 1000 durius
753 953 801 1001 in
825 967 880 1001 se
907 961 1202 1029 paupertas,
1224 965 1379 1015 quam
1396 950 1537 1016 quod

465 1015 714 1066 ridiculos
737 1014 866 1064 facit
887 1016 1118 1065 homines
1146 1017 1218 1076 iii,
1254 1020 1348 1065 152
1415 1030 1537 1077 non,

468 1094 622 1144 quem
646 1080 898 1143 porrigat,
939 1095 1028 1129 ore
1052 1080 1297 1130 trientem
1346 1079 1418 1142 iii,
1438 1084 1535 1129 267

467 1144 665 1193 vultum
690 1145 894 1193 tristem
918 1144 988 1204 ix,
1018 1149 1049 1192 8
1117 1144 1236 1192 inde
1260 1158 1442 1192 causas
1463 1144 1538 1193 la-

466 1208 604 1257 boris
642 1224 693 1269 x,
733 1212 848 1269 140,
887 1212 983 1257 278
1050 1209 1262 1257 miseros
1333 1214 1539 1258 arentes

467 1286 521 1334 x,
542 1276 637 1322 297
704 1286 793 1320 eos
829 1272 1076 1321 attonitos
1099 1287 1241 1321 mens
1314 1273 1374 1321 iri
1403 1271 1539 1322 facti

466 1335 673 1385 conscia
710 1336 818 1397 xiii,
855 1340 950 1385 194
1026 1336 1222 1385 crimen
1260 1334 1412 1397 facti,
1451 1337 1541 1400 qui

469 1401 637 1450 scelus
662 1400 799 1449 intra
821 1415 876 1449 se
897 1401 1093 1464 cogitat
1117 1402 1273 1449 ullum
1295 1402 1405 1462 xiii,
1443 1405 1540 1450 210

467 1465 703 1522 Trebius,
734 1472 951 1528 propter
973 1464 1112 1529 quod
1135 1479 1373 1528 rumpere
1408 1480 1541 1513 som-

469 1542 593 1577 num
613 1527 804 1578 debeat
824 1541 877 1589 V,
903 1534 966 1578 19
1032 1530 1168 1594 quod
1193 1530 1355 1578 donet
1377 1529 1542 1581 Quin-

467 1592 597 1641 tinae
623 1593 711 1652 vii,
732 1597 794 1641 75
860 1592 1058 1641 babent
1096 1593 1341 1657 quicquid
1378 1606 1540 1641 arma-

467 1657 725 1706 mentaria
747 1656 863 1705 coeli
885 1657 998 1718 xiii,
1021 1661 1083 1706 88
1138 1672 1203 1705 an
1222 1658 1544 1721 spectacula,

469 1722 606 1785 quod
647 1735 861 1771 securus
901 1736 1044 1771 ames
1079 1720 1150 1783 vi,
1186 1726 1248 1771 61
1317 1720 1548 1771 habuere

471 1792 598 1834 tunc
640 1786 804 1834 nullos
844 1787 1178 1848 paramenti,
1201 1790 1264 1835 18
1327 1784 1545 1834 habebis

468 1848 599 1912 (me)
619 1849 933 1908 Evandrum,
955 1851 1131 1899 venies
1149 1849 1449 1914 Tirynthius
1473 1849 1550 1912 xi,

467 1916 535 1961 60
602 1912 816 1963 habebit
838 1915 1002 1963 nullus
1020 1928 1123 1962 non
1141 1914 1285 1962 vicus
1303 1915 1546 1977 Clytaem-

473 1982 703 2025 nestram
724 1976 791 2038 vi,
807 1981 906 2027 656
962 1978 1156 2026 habeas
1180 1978 1337 2038 unde,
1356 1977 1547 2041 quaerit

472 2055 642 2103 uerno,
682 2039 774 2090 sed
820 2048 1031 2103 oportet
1075 2041 1265 2090 habere
1302 2041 1410 2103 xiv,
1449 2045 1545 2090 207

471 2104 605 2152 habe
652 2103 748 2153 tibi
793 2103 1109 2153 frumentum
1171 2120 1222 2166 v,
1267 2109 1362 2154 118
1448 2103 1547 2153 tibi

470 2167 611 2216 istud
635 2166 944 2218 fermentum
969 2169 1045 2228 iii,
1064 2173 1158 2218 188
1224 2169 1415 2218 habere
1434 2176 1544 2218 tan·

474 2231 688 2280 tundem
710 2248 765 2294 x,
785 2238 855 2282 90.
918 2233 1100 2283 titulos
1123 2234 1261 2282 inter
1283 2247 1374 2281 eos
1397 2248 1547 2281 ausus

473 2295 512 2356 i,
539 2299 632 2344 180
697 2297 975 2346 habentem
999 2311 1184 2346 nomen
1213 2298 1399 2345 sutoris
1424 2297 1549 2346 cali·

474 2373 588 2408 cem
632 2374 684 2421 v,
721 2363 787 2408 46
865 2360 1092 2411 habetur
1127 2370 1320 2426 quanto
1365 2362 1548 2425 major,

475 2424 565 2489 qui
590 2430 796 2489 peccat,
838 2429 985 2476 tanto
1009 2434 1111 2477 cet.
1133 2426 1243 2488 viii,
1277 2430 1370 2475 141
1439 2426 1548 2475 lau-

476 2496 580 2551 tus,
602 2490 788 2539 eximie
809 2490 851 2539 si
875 2498 1048 2541 coenat
1069 2492 1146 2553 xi,
1166 2496 1190 2539 1
1262 2490 1550 2541 habebatur

475 2553 600 2602 olim
640 2554 804 2617 major
841 2554 1066 2605 donandi
1102 2554 1264 2619 gloria
1296 2555 1460 2603 titulis
1497 2571 1554 2615 v,

479 2622 569 2666 111
639 2619 818 2668 haberi
859 2620 1164 2670 tantundem
1187 2636 1240 2681 x,
1273 2624 1338 2667 90
1408 2626 1550 2667 tutor

477 2681 739 2746 Principis
783 2698 838 2744 x,
876 2688 948 2733 90
1010 2684 1172 2746 possis
1212 2684 1428 2745 ignavus
1472 2683 1551 2744 iii,

475 2750 574 2796 272
639 2754 845 2795 sanctus
864 2749 1077 2796 mereris
1096 2748 1203 2809 viii,
1225 2752 1290 2797 24
1357 2747 1549 2795 haben·

477 2810 599 2858 dnm
644 2810 965 2859 medicamen
1010 2812 1118 2873 xiv,
1166 2815 1265 2860 254
1353 2810 1551 2859 nullum

475 2872 753 2923 discrimen
791 2873 904 2934 xiii,
939 2878 1034 2923 118
1100 2889 1203 2923 non
1239 2875 1377 2923 inter
1398 2889 1549 2923 curas

477 2942 532 2986 et
555 2936 692 2985 seria
713 2938 788 2999 xi,
815 2942 880 2987 98
946 2938 1211 2988 habendos
1234 2938 1368 2987 solos
1401 2939 1551 2988 Deos

483 3015 571 3061 xv,
592 3004 655 3049 87

548 3065 771 3115 Habitas
808 3066 1038 3115 nondum
1082 3067 1301 3130 templo,
1342 3065 1552 3117 funesta

482 3128 715 3178 Pecunia
752 3130 786 3190 i,
824 3135 914 3180 114
990 3144 1195 3195 semper
1232 3145 1411 3195 puppe
1448 3132 1553 3192 xiv,

481 3196 580 3242 268
646 3193 842 3242 habitat
882 3194 1003 3243 dum
1043 3195 1116 3243 sic
1151 3195 1423 3245 Cetronius
1446 3197 1553 3260 xiv,

480 3260 546 3305 92
612 3255 872 3305 habitatas
896 3258 1100 3322 proavis
1123 3259 1293 3321 sylvas
1316 3274 1402 3321 κν,
1428 3265 1521 3310 152

483 3319 916 3433 ⁸1{habitatorem
949 3336 1186 3384 maguum
1209 3324 1260 3370 in
1285 3329 1425 3373 testa
1446 3324 1554 3388 xiv,

550 3447 777 3498 Habitus
811 3448 946 3497 idem
987 3449 1187 3498 cunctis
1209 3449 1281 3509 xi,
1307 3454 1402 3500 149
1464 3452 1555 3499 ha·

484 3510 649 3562 bitum
675 3520 952 3576 utrumque
975 3511 1095 3562 inde
1119 3514 1272 3563 sumit
1296 3513 1459 3563 facies
1485 3515 1555 3577 ix,

483 3579 549 3625 20
614 3591 681 3625 en
704 3576 953 3637 habitum,
982 3593 1083 3641 qno
1107 3585 1160 3626 te
1182 3580 1324 3642 leges
1347 3593 1408 3627 ac
1432 3578 1556 3642 jura

481 3639 743 3689 ferentem
772 3642 977 3691 audiret
1001 3643 1217 3704 populns
1245 3644 1301 3703 ii,
1336 3647 1401 3691 72
1468 3644 1557 3691 ha-

486 3702 624 3753 bitus
645 3705 783 3754 nitor
804 3705 941 3755 ultra
964 3707 1098 3754 vires
1121 3706 1195 3766 iii,
1214 3711 1307 3757 180
1372 3706 1555 3756 habitu

482 3768 736 3832 vultuque
758 3769 906 3819 triste
930 3770 1114 3819 vitium
1137 3771 1242 3832 xiv,
1266 3776 1359 3820 110
1412 3771 1556 3820 habi-

485 3837 570 3880 tus
612 3832 796 3895 longos
831 3841 890 3881 et
918 3832 1103 3884 flames
1135 3836 1320 3883 sumsit
1359 3835 1413 3897 ii,
1460 3839 1553 3884 124

485 3896 713 4009 cadumi-i?
736 3896 860 4008 ιιὲὃοῖ
864 3896 943 3959 iii,
958 3902 1049 3947 177
1118 3899 1246 3947 tales
1269 3899 1481 3948 damnat
1498 3907 1557 3947 et

558 3973 571 4006 ι
622 3974 649 4005 v
675 3973 709 4006 ιι

552 3996 823 4083 Hadriaci,
845 4038 896 4072 v.
926 4020 1142 4072 Adi-iaci

493 4154 519 4202 1
554 4085 756 4201 {Indos
784 4094 936 4138 notos
977 4087 1142 4136 tristis
1183 4086 1444 4137 desiderat
1483 4087 1558 4152 xi,

552 4214 805 4267 Hoednlus
849 4214 1213 4280 pinguissimus
1254 4215 1432 4268 veniet
1491 4216 1559 4266 de

1322 357 1397 406 m
1412 357 1563 408 Dux
1616 358 1885 407 RERUM

1610 515 1735 565 agro
1752 498 2053 561 Tiburtino,
2076 505 2132 549 et
2152 504 2262 550 toto
2281 513 2439 564 grege
2456 500 2683 566 mollior,

1606 566 1798 615 inscius
1831 565 2024 625 herbae,
2057 563 2280 613 necdum
2316 579 2467 614 ausus
2508 566 2681 629 virgas

1604 630 1809 678 humilis
1828 629 2063 678 mordere
2075 629 2262 691 salicti,
2283 629 2369 692 qui
2393 630 2508 692 plus
2527 631 2681 682 lactis

1607 694 1764 743 habet
1790 708 1942 758 quam
1964 693 2227 755 sanguinis
2252 702 2355 741 cet.
2384 695 2453 753 xi,
2482 698 2549 742 66
2571 709 2649 758 sq.

1674 758 1859 807 Haemo
1884 772 1999 807 cum
2021 757 2163 805 molli
2187 757 2489 806 Demetrius
2508 758 2578 822 iii,
2614 763 2682 808 99

1608 823 1721 872 hec
1746 822 1949 871 mollius
1971 820 2112 870 dicas
2138 822 2206 878 vi,
2232 824 2327 870 198

1677 886 2131 950 Haeredipetarum
2153 893 2293 934 artes
2312 886 2383 945 iv,
2406 889 2469 936 18
2488 900 2565 950 sq.
2587 884 2681 949 xii,

1610 956 1674 1001 98
1700 966 1724 999 s
1802 985 1815 998 .
2050 949 2063 960 ⁹

1677 966 1864 1064 Hiffies
1896 1021 1952 1064 et
1989 1014 2196 1063 dubitas
2236 1013 2314 1076 iii,
2357 1019 2448 1062 185
2517 1015 2686 1064 haeret

1611 1079 1669 1127 in
1708 1077 1849 1128 facie-
1878 1093 1977 1126 non
2014 1086 2165 1143 gutta
2206 1079 2469 1139 sanguinis
2508 1079 2580 1140 xi,
2618 1083 2682 1127 54

1612 1150 1926 1193 tormentum
1964 1143 2141 1205 ingens
2181 1142 2513 1205 nubentibus,
2543 1143 2684 1206 quod

1613 1214 1882 1321 mima
1900 1221 2084 1320 ’Ξῖἶῖἷὲ
2104 1207 2332 1319 “aulis
2349 1206 2685 1319 Ἢτὲἷῖἶζὲῗ

1615 1335 1700 1385 dic
1723 1337 1835 1399 ipsa
1860 1337 1928 1396 vi,
1968 1287 2062 1385 283¹
2130 1307 2356 1384 ha'eserat
2383 1348 2485 1383 non
2520 1307 2685 1384 minor

1616 1401 1858 1449 rhombus
1880 1401 1957 1464 (in
1982 1398 2200 1462 retibus)
2237 1400 2306 1458 iv,
2332 1403 2388 1447 41
2461 1399 2687 1449 haereret

1617 1480 1734 1513 cum
1755 1466 1900 1527 nigro
1923 1463 2085 1528 fuligo
2106 1464 2311 1513 Maroni
2329 1462 2416 1518 vii,
2432 1466 2528 1511 227
2583 1464 2687 1512 hae-

1618 1544 1733 1577 rens
1757 1530 2019 1578 stomacho
2043 1528 2190 1576 cibus
2223 1528 2295 1588 iii,
2331 1530 2427 1575 288
2495 1527 2685 1575 haesuri

1617 1593 1752 1642 saxis
1776 1594 1910 1642 tituli
1932 1607 1982 1648 x,
2000 1596 2092 1641 144
2145 1592 2402 1640 haesuram
2424 1593 2679 1640 maculam

1617 1657 1836 1721 figentia
1857 1656 2032 1705 nitidis
2056 1656 2206 1704 rebus
2233 1656 2338 1719 xiv,
2362 1659 2393 1703 2

1684 1722 1868 1770 Haeres
1892 1721 2004 1785 quis
2020 1720 2265 1769 scribitur
2280 1733 2483 1783 pauper
2497 1719 2571 1781 iii,
2591 1723 2682 1769 161

1619 1792 1835 1861 propter
1852 1800 1933 1834 me
1949 1785 2206 1838 scriberis,
2223 1791 2277 1833 et
2298 1784 2520 1846 legatum
2536 1799 2689 1834 omne

1619 1864 1782 1912 capis,
1806 1864 1901 1898 nec
1926 1864 2025 1899 non
2048 1848 2298 1897 caducum
2322 1848 2395 1908 ix,
2428 1853 2491 1896 87
2556 1848 2691 1912 quis-

1618 1929 1721 1977 que
1738 1921 1915 1990 partes
1931 1927 2048 1963 snas
2066 1913 2293 1975 accipiat
2313 1913 2379 1961 ad
2397 1926 2684 1961 mensuram

1619 1978 2000 2091 {1¹}{2¹;¹13³2{„¹;3÷¹
2031 1976 2690 2103 2{{³”·¹{1⁸oe‘2?2r¹¹33p52¹‡22

1990 2077 2004 2103 2

1622 2106 1822 2154 tabulas
1846 2106 1913 2165 vi,
1957 2110 2055 2155 600
2122 2104 2346 2154 bullatus
2384 2104 2535 2163 ludit,
2573 2119 2689 2168 par-

1620 2185 1791 2233 voque
1814 2169 1997 2219 eadem
2021 2176 2196 2218 movet
2217 2184 2356 2217 arma
2381 2168 2564 2217 fritillo
2585 2170 2691 2232 xiv,

1620 2238 1651 2283 4
1718 2233 1982 2283 haeredem
2023 2233 2227 2282 dulcem
2269 2234 2452 2282 tollere
2491 2233 2693 2295 cogitat

1716 2297 2077 2411 ³232&
2092 2304 2208 2410 ,ξτες
2222 2297 2692 2411 ”35323254222‘32

2674 2397 2691 2424 9

1692 2489 1902 2540 Halitus
1939 2492 2042 2540 oris
2068 2489 2279 2540 artificis
2316 2494 2515 2539 tantum
2549 2490 2690 2539 valet

1623 2570 1657 2603 x
1700 2558 1798 2603 288

1662 2590 1947 2667 'Hamillus
1993 2625 2119 2682 quot
2151 2618 2430 2683 discipulos
2469 2617 2687 2668 inclinet

1625 2697 1661 2731 x
1704 2686 1801 2730 224

1666 2717 1874 2795 'Hamis
1897 2745 2161 2808 dispositis
2187 2746 2401 2809 vigilare
2423 2744 2694 2794 cohortem

1624 2824 1891 2858 servorum
1904 2817 2058 2859 noctu
2079 2811 2285 2860 Licinus
2296 2810 2454 2873 jubet
2470 2810 2576 2871 xiv,
2593 2812 2689 2858 805

1692 2874 1998 2922 Hammonis
2018 2889 2047 2922 a
2071 2873 2216 2923 sonte
2233 2875 2452 2923 relatum
2473 2873 2540 2934 vi,
2561 2880 2656 2922 555

1692 2937 1957 2987 Hannibal
2008 2939 2269 3000 proximus
2305 2937 2439 2987 Urbi
2480 2939 2548 2999 vi,
2596 2943 2688 2988 291

1627 3001 1768 3050 dirus
1813 3018 1856 3052 s.
1894 3003 2049 3051 durus
2093 3010 2254 3065 caput
2295 3001 2476 3075 implet
2510 3002 2694 3065 juveni

1628 3074 1777 3115 sexta
1836 3081 2000 3131 uaque
2023 3065 2419 3129 die—quicquid
2447 3065 2499 3113 id
2524 3073 2605 3114 est
2628 3066 2693 3115 de

1628 3145 1729 3194 quo
1753 3082 2027 3188 deliberat,
2045 3145 2108 3179 an
2126 3136 2273 3193 petat
2292 3130 2489 3179 Urbem
2509 3145 2540 3178 a
2559 3131 2693 3179 Can·

1624 3195 1724 3253 nis,
1745 3210 1810 3243 an
1835 3202 1952 3258 post
1972 3195 2168 3242 nimbos
2191 3203 2245 3242 et
2276 3194 2490 3242 fulmina
2512 3200 2694 3242 cautus

1629 3261 1953 3323 circumagat
2012 3259 2244 3307 madidas
2291 3273 2322 3306 a
2381 3265 2699 3321 tempestate

1626 3323 1868 3373 cohortes
1906 3322 1994 3383 vii,
2015 3326 2106 3372 161
2132 3338 2208 3386 sq.
2276 3321 2580 3371 Hannibalis
2611 3336 2695 3371 res

1663 3395 1806 3447 estre,
1850 3387 2080 3449 exilium,
2124 3401 2258 3434 mors
2297 3401 2348 3448 x,
2395 3390 2488 3434 147
2511 3413 2577 3423 -
2599 3389 2696 3435 167

1688 3451 1915 3500 annibali
1933 3451 2097 3514 Tyrio
2118 3464 2302 3515 parere
2320 3449 2555 3498 solebant
2568 3449 2700 3513 (ele-

1628 3516 1833 3579 phanti)
1874 3515 1965 3576 xii,
2005 3520 2101 3564 108
2170 3514 2515 3564 Hannibalem
2547 3520 2693 3563 tuum

1626 3580 1926 3645 victumque
1948 3580 2239 3644 Syphacem
2266 3580 2411 3641 tolle,
2452 3577 2699 3628 Cornelia

1630 3643 1705 3706 vi,
1721 3647 1814 3691 170

1699 3707 1932 3768 Harena,
1950 3723 2001 3755 ν.
2027 3705 2205 3756 Arena

1696 3770 1966 3834 Harpinna
1986 3786 2173 3820 nomen
2197 3772 2317 3836 equi
2337 3770 2446 3833 viii,
2467 3774 2531 3820 68

1695 3834 1972 3899 Haruspex
2016 3835 2291 3885 Armenius
2332 3837 2416 3885 vel
2460 3837 2700 3885 Comma-

1628 3912 1790 3961 genus
1814 3899 2033 3963 spondet
2053 3907 2335 3949 amatorem
2356 3908 2590 3949 tenerum
2615 3900 2698 3949 vel

1630 3963 1805 4012 divitis
1830 3964 1942 4013 orbi
1979 3970 2345 4012 testamentum
2376 3964 2574 4025 ingens,
2612 3977 2699 4011 ca-

1625 4026 1748 4074 lidae
1774 4029 2012 4090 pulmone
2026 4028 2278 4077 columbae
2301 4033 2553 4076 tractato:
2579 4041 2699 4089 pec-

1630 4097 1744 4139 tora
1765 4093 2020 4154 pullorum
2038 4093 2250 4141 rimatur
2272 4097 2331 4140 et
2348 4098 2474 4140 exta
2499 4090 2706 4153 catelli,

1629 4153 1892 4204 interdum
1924 4163 1982 4204 et
2015 4156 2190 4220 pueri;
2224 4154 2404 4217 faciet,
2433 4154 2570 4219 quod
2610 4154 2700 4204 de-

1631 4215 1769 4270 ferat
1788 4220 1901 4284 ipse
1927 4220 2004 4284 vi,
2032 4224 2129 4270 548
2160 4234 2238 4285 sq.
2304 4219 2571 4271 varicosus
2605 4217 2699 4268 fiet
