3050 4913
1244 355 1522 407 sA'mRA
1572 354 1686 409 111.

360 497 538 564 Imus
560 498 934 584 praecipites,
966 520 1169 585 quam
1199 502 1260 565 si
1290 502 1417 566 sibi
1448 500 1654 579 dicat,
1687 509 1753 567 et
1778 503 1954 568 intus

357 604 619 669 Palleat
646 604 900 681 infelix,
930 603 1108 686 quod
1134 605 1441 686 proxima
1466 605 1724 669 nesciat
1751 624 1921 669 uxor
1938 606 1968 668 ’ἒ

446 705 644 790 Saepe
675 707 931 782 oculoS,
961 705 1250 782 memini,
1282 705 1634 787 tangebam
1661 724 1908 788 parvus
1939 705 2147 783 olivo,

355 806 659 872 Grandia
688 810 746 872 si
776 808 1019 872 nollem
1047 809 1336 871 morituri
1369 809 1578 871 verba
1608 806 1886 871 Catonis

2472 809 2562 873 45

352 910 623 989 Dicere,
652 930 786 975 non
815 930 977 976 sano
1003 911 1281 974 multum
1308 910 1644 974 laudanda
1673 910 2020 992 magistro,

349 1068 693 1133 ipsiinclmnet,
710 1068 960 1130 currimus,
981 1067 1215 1117 cun-imus
1235 1070 1285 1117 in
1300 1069 1623 1134 precipitium
1635 1085 1655 1129 ,-
1669 1073 1813 1132 utque
1827 1069 1871 1117 is
1891 1068 2023 1117 iutra
2042 1068 2266 1132 seipsum
2285 1070 2428 1118 miser
2442 1069 2565 1118 extr·-

352 1137 530 1181 meseat
550 1133 601 1181 id
623 1135 743 1196 quod
778 1134 963 1195 ignoret
985 1134 1155 1194 conjux
1171 1137 1449 1197 propinqua.

1519 1135 1763 1183 Rea-ordor
1798 1132 1933 1198 quod
1968 1147 2062 1196 ego
2092 1148 2208 1196 puer
2240 1133 2434 1183 linibam
2459 1133 2567 1194 fre-

352 1202 551 1260 quenter
571 1199 724 1247 οσιιιω
742 1200 859 1262 oleo,
878 1199 1062 1261 quando
1080 1198 1290 1247 nicom
1309 1198 1546 1247 memorie
1578 1200 1802 1247 mandare
1837 1199 1968 1247 dicta
1984 1198 2159 1261 grauia
2184 1199 2381 1248 Catonis
2418 1200 2564 1249 num-ti

1278 1341 1450 1361 000000

1457 1341 1633 1361 00000

350 1421 604 1474 damnant
624 1431 681 1474 et
700 1432 853 1476 vetus
875 1425 1169 1491 interpres,
1186 1427 1334 1491 cnjus
1355 1432 1477 1476 sunt
1497 1427 1676 1490 verba,
1709 1428 1725 1455 ‘
1743 1426 1899 1476 Oculi
1916 1427 2030 1476 oleo
2051 1426 2173 1476 tacti
2191 1424 2562 1490 perturbantur

352 1486 420 1535 ad
442 1489 685 1554 tempus.'
755 1491 1017 1542 Cannaban.
1082 1492 1153 1542 Et
1173 1493 1424 1554 tangebam
1441 1493 1506 1542 B.
1573 1492 1812 1556 tingebant
1833 1492 1976 1542 Edit.
2004 1491 2320 1557 steph—46
2343 1489 2560 1539 Plurim.

1352 1646 1567 1699 NOTAE

418 1759 483 1806 42
517 1757 655 1806 Iam
689 1757 887 1822 pollent]
936 1762 1052 1810 Vox
1076 1776 1196 1825 una,
1222 1763 1415 1824 palleat,

347 1846 446 1897 pro
469 1833 686 1897 duabus,
708 1842 768 1886 ut
800 1836 1041 1887 observat
1062 1838 1411 1887 Casaubonus.

350 1908 471 1961 Nec
492 1910 627 1961 enim
652 1913 820 1975 pallor
844 1915 981 1963 intus
1003 1921 1114 1964 est:
1156 1916 1415 1979 significat

345 1986 525 2051 igitur,
549 1988 687 2037 intus
711 1990 914 2052 timeat,
937 1997 991 2041 et
1008 1990 1130 2041 foris
1152 1992 1361 2055 pallent.

414 2066 481 2111 4⁸
518 2063 655 2119 Quod
670 2065 889 2127 proxima
909 2067 1086 2115 nesciat
1108 2066 1252 2130 uxor]
1298 2066 1415 2117 Nec

349 2135 621 2203 flagitium,
656 2148 872 2205 propter
912 2143 1049 2207 quod
1086 2143 1413 2208 expalleseit‚

347 2230 448 2266 nec
468 2224 779 2267 tormentum
806 2235 906 2284 quo
945 2228 1159 2285 urgetur
1188 2235 1250 2270 ac
1283 2221 1413 2270 inta-

346 2291 539 2355 bescit,
562 2295 722 2345 audet
757 2306 874 2345 cum
896 2311 1155 2362 quoquam
1188 2310 1413 2346 commn-

347 2367 548 2431 nicare,
571 2371 707 2421 unde
729 2374 888 2436 magis
909 2379 1203 2439 torquetur.
1252 2374 1410 2424 ovid.

346 2445 363 2472 ⁸
396 2445 705 2511 strangulat
746 2448 972 2500 inclusus
1023 2450 1188 2514 dolor,
1223 2458 1279 2501 et
1322 2465 1412 2501 cor

347 2531 539 2574 estuat
575 2525 752 2575 intus!
817 2526 1055 2577 Credunt
1075 2528 1302 2576 nonnulli
1339 2527 1413 2576 al·

344 2600 531 2650 lusisse
555 2601 622 2650 ad
645 2602 956 2667 Dionysium
990 2606 1299 2668 Tyrannum,
1321 2603 1409 2669 qui

346 2689 446 2726 nec
502 2677 651 2726 uxori
704 2694 800 2729 nec
862 2679 1040 2730 liberis
1095 2680 1407 2730 confidebat.

347 2753 519 2803 Porro
539 2768 604 2802 ex
627 2754 707 2804 his
729 2755 859 2804 mira
879 2763 995 2806 arte
1012 2756 1227 2806 Persius
1250 2757 1409 2805 virtu·

346 2827 413 2875 tis
437 2829 797 2879 excellentiam
837 2832 1064 2881 ostendit
1087 2848 1154 2881 ex
1185 2847 1247 2881 eo
1269 2832 1407 2898 quod

342 2901 437 2951 illa
458 2917 658 2967 carere,
681 2906 749 2954 sit
770 2906 1128 2957 miserrimum.

411 2983 476 3029 44
515 2979 653 3044 Soepe
688 2983 859 3046 oculos,
895 2984 1107 3047 memini,
1141 2984 1247 3047 ξω]
1295 2986 1408 3048 Ego

346 3069 479 3120 puer
495 3058 724 3120 pueriles
746 3053 867 3109 olim
891 3059 1249 3110 excusationes
1271 3076 1408 3125 quae-

343 3131 544 3195 rebam,
577 3138 636 3183 ιιι
666 3135 840 3184 studia
873 3135 1132 3185 literarum
1160 3135 1410 3186 laborem-

345 3221 448 3271 que
471 3207 839 3269 detrectarem,
863 3216 920 3260 et
941 3210 1037 3260 boc
1063 3211 1209 3260 aetati
1239 3211 1407 3261 indul-

343 3283 571 3348 gendum
596 3285 833 3347 videtur;
886 3293 940 3337 at
973 3295 1030 3337 ιιι
1064 3287 1153 3351 qui
1193 3287 1408 3352 puerilia

342 3359 649 3425 deposuisti,
702 3369 758 3412 et
822 3362 1089 3426 sapientiae
1146 3371 1409 3427 precepta

332 3434 452 3499 jam
493 3435 753 3498 delibasti,
782 3446 928 3487 certe
967 3437 1259 3501 culpaberis
1276 3438 1318 3487 si
1341 3439 1406 3487 ad

340 3511 590 3575 ejusmodi
614 3528 774 3575 nugas
797 3522 850 3562 et
874 3514 1232 3563 excusationes
1252 3528 1406 3563 vanas

340 3586 535 3636 iterum
575 3589 836 3651 convolas,
857 3602 922 3638 ne
947 3578 1192 3638 virtutem
1232 3597 1288 3638 et
1321 3589 1411 3639 bo·

341 3675 437 3710 nas
460 3660 757 3726 disciplinas
783 3663 1133 3729 amplectaris.

412 3738 681 3801 Tungebum
731 3740 876 3803 olivo]
931 3740 1016 3790 Ad
1071 3741 1406 3791 simulandam

343 3815 746 3880 lippitudinem;
791 3832 928 3878 nam,
951 3824 1008 3867 ιιι
1027 3819 1103 3868 ιιίι
1136 3825 1284 3868 vetus
1318 3818 1405 3868 In-

340 3897 563 3954 terpres,
594 3893 610 3919 ‘
637 3893 774 3942 oculi
798 3894 911 3943 oleo
938 3895 1066 3943 tacti
1100 3895 1406 3958 perturban-

341 3975 429 4017 tur
452 3968 517 4016 ad
543 3968 778 4032 tempus!
843 3971 997 4022 Quod
1022 3971 1226 4036 quidem
1255 3971 1405 4020 iutel-

340 4043 609 4107 ligendum
647 4043 729 4108 (ιιι
767 4043 898 4094 bene
937 4057 1110 4095 monet
1145 4046 1406 4096 Casaubo-

343 4119 471 4182 nus)
491 4118 559 4168 de
580 4120 840 4169 interioris
881 4122 1015 4169 oculi
1041 4130 1216 4182 tactn3
1267 4121 1406 4185 alias,

346 4195 540 4244 nedum
563 4195 780 4246 loederet
804 4198 994 4258 oculos,
1015 4198 1166 4246 immo
1182 4198 1409 4262 juvaret,

342 4271 582 4323 ciliorum
600 4272 924 4338 superficiem
938 4275 1053 4325 oleo
1072 4275 1244 4326 linire.
1267 4275 1409 4327 Quo·

1492 1761 1652 1824 circu,
1688 1775 1754 1809 ne
1790 1775 1906 1811 cum
1928 1756 2186 1809 nonnullis
2221 1757 2384 1821 legas,
2404 1755 2560 1819 tinge·

1490 1837 1618 1888 baut.

1557 1918 1620 1963 45
1658 1912 1877 1961 Grandia
1896 1913 1941 1960 si
1960 1910 2155 1975 nonem]
2201 1909 2287 1959 Ne
2321 1907 2558 1956 memori-

1494 1996 1577 2040 ter
1629 1991 1830 2039 discere
1886 2001 2102 2053 cogerer
2155 1984 2555 2036 declamationes

1497 2066 1743 2130 quasdam
1765 2066 1937 2130 pueris
1961 2073 2071 2113 tum
2093 2061 2401 2121 familiares3
2432 2075 2481 2110 v·
2505 2074 2557 2123 g.

1494 2142 1842 2207 Ethopoeiam,
1879 2143 1933 2192 in
1956 2157 2056 2208 qua
2086 2139 2321 2190 morituri
2345 2138 2558 2189 Catonis

1493 2220 1656 2269 verba
1688 2222 2122 2285 exprimerentur,
2151 2232 2269 2267 cum
2303 2214 2559 2266 delibera·

1492 2304 1579 2346 ret
1610 2297 1746 2361 apud
1773 2312 1848 2360 se,
1869 2297 2095 2346 satiusne
2117 2293 2254 2345 foret
2276 2292 2372 2343 sibi
2395 2293 2558 2342 vitam

1491 2372 1714 2436 eripere,
1738 2386 1889 2437 quam
1910 2371 1963 2420 in
1985 2384 2164 2418 manus
2189 2367 2409 2418 Caesaris
2432 2367 2560 2417 iuci-

1492 2446 1635 2499 dere.

1561 2522 1781 2586 Catonis]
1815 2522 2080 2574 Uticensis
2107 2534 2309 2584 nempe,
2331 2520 2417 2585 qui
2444 2533 2558 2582 par·

1491 2607 1571 2651 tes
1594 2600 1828 2664 Pompeii
1851 2597 2226 2661 secutus‚bunc
2244 2596 2555 2645 debellatum

1491 2678 1691 2740 videns,
1711 2677 1879 2727 Uticae
1899 2677 1951 2725 in
1977 2674 2159 2724 Africa
2177 2673 2344 2737 seipse
2368 2673 2558 2722 iutere-

1489 2755 1600 2804 mit.
1664 2751 1751 2804 De
1783 2752 1882 2802 lioc
1921 2753 2158 2801 Lucanus
2195 2750 2232 2799 1.
2266 2763 2303 2798 1.
2344 2750 2361 2775 ‘
2386 2749 2556 2799 Causa

1488 2829 1604 2878 Diis
1625 2829 1814 2879 victrix
1834 2828 2052 2893 placuit,
2067 2825 2158 2876 sed
2178 2825 2317 2874 victa
2335 2822 2557 2875 Catoni!

1489 2904 1545 2953 Is
1580 2911 1856 2969 antequam
1894 2909 2185 2953 moreretur
2219 2901 2452 2951 Platonis
2487 2900 2556 2951 de

1491 2980 1672 3028 animae
1693 2980 2075 3029 immortalitate
2092 2979 2370 3042 Dialogum
2390 2977 2557 3040 perle-

1491 3058 1627 3123 gisse
1651 3056 1846 3107 fertur:
1884 3055 2019 3105 unde
2042 3054 2250 3119 quidam
2291 3055 2555 3116 Interpre-

1490 3142 1571 3186 tes
1625 3149 1688 3184 eo
1731 3131 1964 3183 referunt
2003 3131 2140 3196 quod
2197 3131 2270 3180 ait
2320 3129 2552 3191 Persius,

1482 3211 1692 3273 grundio
1731 3208 1927 3258 Catonis
1969 3208 2126 3271 verbu,
2165 3207 2310 3272 quasi
2351 3206 2439 3255 ille
2483 3205 2550 3255 de

1488 3287 1671 3335 amimae
1725 3283 2112 3333 immortalitate
2179 3284 2341 3332 multa
2394 3282 2551 3331 etiam

1486 3362 1742 3427 preclare
1766 3369 1874 3409 tum
1898 3360 2105 3423 dixerit,
2126 3375 2239 3424 quae
2270 3357 2553 3407 recitaren-

1488 3445 1575 3488 tur
1618 3427 1649 3487 a
1695 3438 1899 3501 pueris:
1957 3437 2048 3486 sed
2105 3437 2247 3499 prior
2291 3434 2552 3484 sententia

1487 3515 1657 3564 verior
1677 3521 1774 3576 est,
1810 3521 1866 3564 et
1901 3512 2218 3564 doctioribus
2240 3511 2401 3575 magis
2424 3509 2552 3559 arri-

1487 3589 1598 3639 det.

1550 3669 1618 3715 ⁴6
1652 3665 1762 3714 Non
1784 3663 1918 3726 sano]
1941 3664 2056 3713 Nec
2081 3661 2417 3725 interpretari
2442 3662 2549 3725 pla-

1486 3747 1575 3791 cet
1597 3741 1724 3802 acri,
1755 3753 1974 3802 moroso,
2007 3745 2062 3788 et
2098 3737 2340 3787 molesto:
2388 3740 2551 3788 multo

1484 3817 1670 3880 minus,
1711 3823 1768 3864 ut
1808 3807 2038 3880 quidam,
2065 3813 2218 3864 valde
2256 3828 2398 3876 sano,
2435 3814 2549 3876 sed,

1486 3893 1632 3959 quasi
1667 3892 1801 3941 male
1837 3907 1979 3953 sano,
2021 3892 2109 3957 qui
2147 3904 2308 3955 puero
2337 3891 2459 3942 ficte
2495 3900 2551 3940 et

1486 3966 1729 4018 affectate
1783 3967 2029 4017 recitanti
2078 3966 2438 4032 applauderet,
2492 3976 2550 4017 et

1485 4045 1740 4109 puerilem
1785 4056 1996 4107 operam
2033 4057 2223 4107 magna
2263 4043 2546 4093 ambitione

1484 4121 1718 4171 laudaret
1748 4134 1920 4169 coram
1959 4119 2262 4184 parentibus
2283 4124 2340 4167 et
2361 4133 2548 4181 cogna-

1486 4197 1577 4258 tis,
1627 4203 1684 4246 ιιι
1736 4197 1813 4245 eis
1854 4196 1929 4246 sic
1970 4196 2245 4258 adulando,
2296 4194 2545 4257 majorem

1486 4279 1742 4337 quaestum
1765 4279 1821 4322 et
1842 4271 2135 4323 mercedem
2174 4271 2548 4337 expiscaretur.
