3050 4913
801 373 1156 435 MothJS,
1206 375 1297 423 m·
1342 375 1750 424 semesum
1792 375 2122 423 censae.
2468 360 2544 426 ll

351 520 507 584 loco
559 519 1047 601 comprobavit,
1075 539 1287 601 neque
1319 538 1697 601 quenquam
1730 519 1921 600 fugit,
1958 524 2238 601 quantos
2283 519 2557 602 plausus

351 639 596 685 scurrae
635 620 889 702 passim
918 625 980 682 et
1029 621 1381 683 sanniones
1413 621 1673 684 tulerint
1700 628 1919 685 nostra
1963 623 2279 684 memoria
2318 623 2382 686 in
2410 622 2559 706 phi·

350 723 666 805 Iosophia
693 723 926 785 critica
949 721 1328 799 deridenda,
1370 723 1524 786 dum
1579 723 1951 787 defensores
1997 725 2141 806 ejus
2194 724 2553 788 doctissimi

347 832 551 908 atque
600 824 967 888 acutissimi
1011 844 1142 888 non
1186 824 1498 888 intellecti
1531 825 1627 889 illi
1672 825 1937 906 quidem
1975 844 2184 888 causa
2231 825 2554 892 cecidisse

346 925 712 989 videantur.
825 924 1336 989 Innumerabiles
1387 935 1706 1008 praeterea
1757 933 1910 989 sunt
1956 927 2263 1004 rationeS‚
2311 929 2555 1009 quibus

353 1026 682 1090 Horatius
706 1045 871 1090 usus
914 1032 1041 1101 est,
1089 1019 1340 1090 adrem
1370 1026 1658 1109 aliquam
1695 1026 1868 1089 haud
1900 1047 2047 1091 raro
2076 1029 2412 1109 vulgarem
2440 1048 2558 1093 no·

347 1129 550 1192 vitate
589 1129 814 1210 aliqua
847 1136 916 1192 et
951 1132 1298 1192 venustate
1342 1127 1953 1205 commendandam,
1986 1148 2137 1210 quae
2169 1131 2558 1210 ingeniosis-

347 1229 611 1306 simum,
686 1229 1199 1292 versatissimum
1255 1230 1665 1311 rationisque
1721 1231 2025 1294 humanae
2081 1232 2553 1312 peritissimum

344 1330 659 1408 indicant,
690 1330 1361 1414 politissimorumque
1387 1332 1722 1395 hominum
1752 1335 2149 1396 commercio
2174 1339 2240 1396 et
2271 1349 2553 1397 consue,-

344 1432 571 1496 tudine
602 1453 814 1510 usum,
844 1452 1119 1515 quarum
1150 1452 1368 1515 pauca
1408 1438 1657 1497 tantum
1704 1434 1993 1513 vestigia
2038 1434 2106 1496 in
2156 1433 2390 1497 Persio
2443 1432 2555 1496 de-
2630 1497 2633 1498 γ

345 1532 845 1616 prehenduntur.
937 1532 1175 1616 Neque
1217 1552 1377 1597 sane
1413 1540 1538 1610 est,
1589 1534 1765 1616 quod
1812 1537 2138 1611 miremur,
2192 1537 2287 1600 ita
2316 1557 2388 1600 se
2416 1555 2553 1600 rem
2589 1581 2596 1588 -

344 1635 607 1699 habere.
697 1634 955 1700 Etenim
985 1636 1297 1699 satiricus
1326 1638 1394 1700 in
1419 1636 1756 1701 hominum
1796 1636 2155 1721 frequentia
2182 1638 2384 1704 debet
2409 1659 2554 1702 ver-

348 1738 510 1814 sari,
540 1745 613 1802 ut
642 1757 867 1801 eorum
906 1738 1188 1820 ingenia,
1234 1758 1473 1815 mores,
1507 1739 1664 1802 vitae
1712 1740 2248 1802 consuetudinem
2276 1759 2554 1822 cognos-

347 1849 495 1916 cat,-
510 1858 640 1902 non
660 1840 727 1902 in
756 1841 991 1903 umbra
1018 1846 1085 1904 et
1112 1840 1485 1916 solitudine,
1518 1840 1587 1903 in
1610 1858 1741 1921 qua
1767 1839 2083 1921 majorem
2112 1841 2266 1905 vitae
2295 1846 2551 1924 partem

348 1940 627 2006 Persius
656 1942 961 2023 exegisse
990 1941 1266 2008 videtur.
1358 1940 1494 2018 Qui
1522 1942 1787 2025 quidem
1809 1943 1877 2004 in
1897 1943 2228 2014 hominum
2258 1942 2552 2014 moribus

345 2052 413 2108 et
458 2043 640 2107 vitiis
682 2043 1131 2108 describendis
1182 2063 1441 2108 summa
1482 2045 1683 2108 utitur
1729 2044 2061 2126 diligentia
2092 2045 2553 2128 coloribusque

345 2146 923 2229 exquisitissimis:
995 2147 1112 2210 sed
1164 2148 1230 2211 in
1279 2147 1714 2224 lineamentiS,
1767 2169 1918 2230 quae
1972 2148 2173 2213 ducta
2201 2153 2378 2225 sunt,
2425 2166 2554 2211 non

343 2247 562 2312 levem
600 2253 667 2310 et
696 2250 883 2330 quasi
914 2247 1215 2330 fugacem
1244 2248 1523 2314 artificis
1552 2268 1839 2326 manum,
1890 2251 2007 2314 sed
2037 2253 2363 2315 timentem
2391 2256 2456 2314 et
2485 2253 2563 2315 in.

342 2349 617 2412 minutis
647 2355 1023 2413 accuratam
1072 2350 1406 2432 agnosciS,
1455 2355 1528 2413 ut
1575 2353 1801 2415 statim
1854 2358 2193 2435 appareat,
2253 2360 2552 2418 naturam

348 2451 480 2514 sibi
511 2451 728 2532 ipsam
755 2471 906 2514 eum
933 2472 1061 2516 non
1090 2453 1544 2535 proposuisse,
1597 2453 1714 2517 sed
1766 2455 2027 2537 regulas
2073 2463 2371 2519 secutum
2401 2475 2549 2520 esse

344 2559 410 2616 et
438 2560 801 2635 praecepta,
848 2573 1056 2637 eaque
1082 2556 1395 2619 imitando
1426 2558 1866 2639 expressisse,
1917 2577 2067 2639 quae
2102 2558 2249 2640 jam
2283 2558 2370 2621 ab
2394 2558 2549 2623 aliis

346 2673 665 2737 expressa
692 2654 943 2718 viderit.
1034 2656 1208 2735 Quae
1237 2670 1443 2722 causa
1485 2678 1751 2742 quoque
1779 2668 1900 2736 est,
1940 2666 2011 2723 ut
2060 2661 2208 2723 loca
2237 2658 2547 2741 quaedam

345 2775 478 2819 non
508 2758 722 2839 polita
751 2757 968 2821 solum
1000 2759 1355 2843 diligenter,
1407 2762 1524 2824 sed
1572 2763 1751 2826 cultu
1780 2782 2062 2845 operoso
2090 2761 2379 2843 undique
2411 2762 2549 2825 col·

346 2858 524 2921 lecto
564 2877 756 2939 paene
813 2860 1024 2941 rigida
1078 2861 1444 2940 videantur,
1502 2864 1811 2946 quaedam
1862 2865 2150 2928 oratorio
2198 2863 2350 2927 fuco
2378 2863 2546 2929 adeo

347 2960 659 3037 obducta,
709 2966 804 3036 ut,
862 2981 1012 3044 quae
1060 2964 1344 3039 subsint,
1388 2984 1579 3027 nemo
1623 2967 1993 3048 perspicere
2019 2966 2251 3048 possit.
2340 2965 2551 3031 Porro

344 3081 473 3139 ιω,
521 3063 853 3145 exempla,
901 3064 1380 3143 similitudineS,
1437 3086 1592 3148 quae
1653 3072 2127 3149 proponuntur,
2190 3087 2319 3130 non
2369 3067 2549 3132 domi

342 3167 507 3226 nata
545 3171 660 3228 aut
705 3172 941 3247 sponte
966 3166 1222 3242 oborta,
1272 3166 1390 3230 sed
1418 3168 1646 3231 schola
1676 3167 1976 3232 videntur
2001 3167 2229 3245 allata,
2261 3168 2549 3251 ideoque

344 3284 534 3347 saepe
584 3283 715 3328 non
768 3273 1035 3329 movent
1079 3268 1370 3330 animum
1413 3268 1701 3344 lectoris,
1732 3289 1852 3333 nec
1901 3270 2243 3352 inopinato
2288 3271 2548 3349 feriunt,

343 3364 459 3428 sed
507 3365 811 3446 frigidum
842 3365 1206 3449 relinquunt
1234 3367 1547 3433 adhibitae
1579 3372 1741 3433 artis
1789 3370 2278 3435 admiratorem.
2371 3370 2546 3447 Quae

347 3466 516 3530 vitia
543 3466 787 3541 omnia,
828 3486 871 3530 a
904 3467 1142 3549 quibus
1172 3488 1253 3531 ne
1282 3471 1514 3551 optimi
1542 3471 1807 3553 quidem
1845 3472 2295 3536 Romanorum
2326 3471 2545 3554 poetae

346 3568 616 3633 omnino
640 3568 831 3632 liberi
853 3575 1030 3645 sunt,
1075 3588 1164 3632 ex
1193 3577 1606 3652 praepostera
1631 3573 1962 3636 rhetorum
1989 3572 2368 3655 disciplina,
2393 3592 2545 3656 quae

343 3678 479 3734 tum
501 3672 791 3733 maxime
817 3672 1034 3752 vigere
1057 3672 1287 3754 coepit,
1307 3674 1513 3754 repeti
1535 3680 1837 3755 possunt,
1859 3692 1994 3754 qua
2020 3674 2202 3756 prius
2222 3672 2551 3740 discerent

335 3771 646 3854 juveneS,
677 3770 1229 3854 quemadmodum
1259 3773 1522 3835 inventa
1547 3778 1764 3839 essent
1787 3773 2154 3849 tractanda,
2187 3793 2384 3857 quam
2415 3777 2548 3859 ipsi

343 3892 557 3936 rerum
588 3872 967 3954 cognitione
1011 3875 1176 3938 satis
1229 3875 1555 3951 instructi,
1587 3895 1737 3958 quae
1769 3876 2010 3959 cuique
2051 3886 2424 3958 argumento
2451 3879 2550 3942 fo·

341 3981 482 4038 rent
508 3975 1030 4051 accommodata,
1074 3977 1367 4040 invenire
1398 3983 1464 4040 et
1494 3980 1873 4059 excogitare
1903 3978 2224 4043 valerent:
2281 3979 2548 4061 fierique

342 4075 612 4139 omnino
641 4095 909 4139 necesse
939 4077 1085 4154 suit,
1116 4085 1211 4154 ut,
1243 4077 1399 4141 dum
1428 4079 1768 4144 memoriae
1800 4079 2050 4144 infinita
2074 4080 2191 4144 illa
2212 4087 2548 4164 praecepta

344 4174 844 4254 inculcarentur,
874 4177 1139 4261 ipsique
1179 4180 1249 4243 in
1284 4178 1578 4264 legendis
1615 4179 1835 4262 poetis
1861 4187 1927 4245 et
1956 4183 2322 4267 oratoribus
2341 4180 2428 4245 ad
2461 4200 2547 4253 ca
