3050 4913
554 375 646 441 96

1324 393 1395 442 A·
1443 391 1691 444 Pnnsn
1741 392 2008 445 abanet

555 538 833 604 Scilicet
859 536 1190 620 ingenium
1215 540 1284 601 et
1309 555 1521 601 rerum
1547 539 1896 622 prudentia
1922 538 2122 605 velox

560 639 739 707 Ante
773 642 951 725 pilos
980 640 1202 705 venit:
1249 638 1533 704 dicenda
1563 642 1972 725 tacendaque
1999 643 2227 708 calles.
2727 647 2775 710 5

562 743 740 828 Ergo
769 744 884 808 ubi
915 748 1243 808 commota
1264 742 1473 808 servet
1498 744 1850 826 plebecula
1878 746 2036 823 bile,

562 846 719 913 Fert
746 846 1005 910 animus
1034 845 1275 909 calidae
1306 843 1547 910 fecisse
1577 847 1836 912 silent-ia
1865 849 2078 913 turbae

550 1013 755 1064 Periclis
769 1028 788 1071 ,·
818 1012 952 1076 quusi
972 1027 1081 1061 vero
1102 1010 1344 1074 ingenium
1364 1015 1412 1060 et
1448 1026 1640 1075 praeeox
1661 1029 1821 1065 reram
1851 1013 2044 1062 colentia
2080 1017 2192 1063 ante
2230 1012 2424 1063 barban
2463 1012 2763 1075 contingent.

554 1074 701 1128 Nosti
720 1094 827 1143 μω
846 1076 944 1126 dici
964 1082 1010 1126 et
1032 1090 1136 1139 «με
1154 1075 1303 1125 taceri
1323 1080 1557 1140 oporteat.
1626 1078 1791 1141 Igitur
1811 1094 1921 1127 cum
1950 1077 2081 1142 plebe
2099 1079 2238 1128 ardet
2268 1079 2477 1128 excitae
2500 1076 2605 1137 bili,
2636 1092 2770 1128 nens

1484 1220 1842 1241 '‘acenceres-

551 1320 717 1387 probe
737 1326 904 1370 tusam
929 1325 984 1369 et
1003 1318 1222 1397 dilutam
1284 1320 1597 1384 ropinabant
1616 1321 1664 1371 in
1688 1322 1852 1372 calice
1877 1320 2029 1372 modo
2053 1321 2576 1380 medicamentorum3
2603 1318 2764 1384 idque

545 1386 667 1437 τίειν
706 1384 951 1452 φάρμακον
1000 1399 1055 1434 ιιι
1096 1384 1224 1435 Pbae
1264 1400 1363 1435 one
1404 1385 1643 1436 Platonis
1679 1386 1887 1438 dicitur.
1958 1388 2316 1438 cumben—5
2364 1386 2616 1436 tacendave
2655 1384 2762 1435 Ma.

1545 1549 1766 1601 NOTAE

542 1647 826 1712 Imperium
844 1662 1023 1709 regere
1042 1647 1357 1711 aggrediaris
1375 1648 1394 1696 ?

608 1725 799 1790 Pupt‘lle
828 1724 1032 1788 Pericli]
1089 1724 1138 1775 Ο
1176 1723 1494 1787 Alcibiades,
1517 1725 1607 1789 qui

540 1800 780 1867 gloriaris
810 1803 978 1850 tutela
999 1808 1055 1851 et
1076 1800 1351 1864 disciplina
1383 1800 1605 1850 Periclis

540 1879 820 1945 propinqui
861 1878 957 1939 tui,
994 1877 1079 1927 cui
1116 1876 1260 1926 suisti
1312 1877 1535 1926 traditus
1574 1892 1606 1926 a

538 1955 707 2006 Clinia
729 1961 881 2019 patre
903 1954 1072 2004 adbuc
1090 1954 1336 2017 pupillus.
1405 1954 1489 2003 De
1505 1953 1606 2002 boc

538 2029 657 2081 fuse
678 2030 948 2080 Plutarch.
969 2031 1022 2079 in
1045 2030 1162 2094 ejus
1183 2029 1319 2079 vita:
1366 2030 1497 2079 Haec
1516 2042 1606 2092 op·

538 2108 666 2157 time
719 2107 878 2156 etiam
929 2114 1170 2156 contorta
1220 2105 1274 2154 in
1323 2106 1605 2168 Neronem,

535 2198 692 2248 quem
715 2184 951 2247 Poppaea
971 2182 1205 2231 incusans
1240 2196 1336 2245 per
1365 2181 1603 2244 facetias,

534 2257 787 2322 pupillum
828 2256 1068 2319 vocabat,
1094 2257 1255 2320 jussis
1297 2258 1477 2307 alienis
1509 2258 1600 2307 ob·

531 2333 763 2393 noxium,
804 2347 906 2382 uon
943 2332 1096 2382 modo
1147 2332 1373 2397 Imperii
1409 2333 1500 2382 sed
1544 2339 1601 2383 et

530 2408 795 2460 libertatis
830 2408 1182 2474 indigentem:
1221 2417 1280 2458 ut
1310 2409 1396 2459 cni
1437 2408 1600 2461 domi-

533 2494 749 2537 naretur
774 2486 1062 2550 Agrippina
1085 2494 1270 2548 mater,
1286 2493 1490 2536 tutores
1508 2502 1596 2536 au-

531 2572 640 2616 tem
662 2573 839 2615 esseut
861 2564 1092 2613 Buri-bus
1130 2571 1186 2611 et
1215 2564 1434 2612 Seneca.
1471 2564 1596 2613 Cor·

530 2640 634 2690 nel.
674 2640 845 2689 Tacit.
876 2639 1062 2690 Annal.
1101 2643 1181 2688 u.
1214 2639 1269 2686 iu
1309 2639 1423 2702 ipso
1448 2639 1595 2688 Libri

528 2715 806 2780 principio.

594 2792 769 2854 Meg-i
791 2790 991 2852 Pericli]
1022 2790 1222 2851 Pericli,
1240 2803 1351 2853 pro,
1373 2791 1596 2843 Periclis.

530 2869 655 2919 Fuit
696 2868 933 2918 Pericles
979 2867 1193 2928 Orator,
1228 2865 1594 2930 Philosophus,

521 2952 581 2994 et
601 2945 895 3008 Imperator
906 2942 1187 3007 Egregium
1207 2941 1598 2994 Atheniensium

528 3019 919 3084 Rempublicam
948 3033 1108 3068 annos
1135 3019 1476 3084 quadraginta
1512 3019 1587 3069 fe-

522 3097 700 3147 liciter
769 3096 1159 3146 administravit.
1258 3097 1589 3160 Plutarchus,

525 3173 688 3223 Prob.
710 3173 821 3222 Cic.
843 3174 895 3221 in
916 3174 1102 3222 Bruto.
1170 3172 1345 3222 Valer.
1370 3174 1586 3223 Maxim.

526 3261 650 3299 vm.
673 3253 722 3299 9.
755 3248 1008 3309 Justinus,
1029 3248 1120 3297 lib.
1155 3260 1244 3296 ιιι.
1297 3247 1417 3296 Nou
1436 3264 1588 3299 nemo

522 3326 751 3391 argutias
786 3325 973 3389 quaerit
994 3325 1045 3372 in
1068 3340 1193 3374 voce
1219 3325 1418 3386 Pericli,
1444 3327 1587 3391 quasi

524 3410 746 3466 ponatur
778 3416 874 3466 pro
913 3402 1140 3464 periculi.-
1174 3408 1230 3449 et
1262 3401 1479 3450 allusum
1518 3401 1587 3452 sit

511 3479 585 3529 ad
607 3479 661 3527 id
684 3477 825 3543 quod
847 3476 1146 3526 Alcibiades
1164 3484 1494 3539 comparatus
1516 3478 1586 3527 sit

515 3555 775 3614 leunculo,
797 3569 948 3618 quem
975 3560 1065 3602 aut
1096 3551 1341 3601 occidere
1376 3561 1583 3615 oporte·

521 3637 620 3695 ret,
640 3639 731 3681 aut
763 3638 942 3695 postea
977 3631 1219 3679 tolerare.
1284 3629 1390 3678 Sed
1420 3645 1584 3694 apage

518 3717 704 3772 nugas.

583 3787 616 3833 4
650 3785 847 3835 SeiIicet
883 3783 1149 3846 mmm]
1209 3781 1417 3832 lrouice
1452 3783 1583 3844 haec,

516 3867 579 3910 et
599 3861 890 3925 sequentia.

589 3939 860 4002 [nmium]
903 3938 1187 4000 Sapientia,
1206 3937 1395 4002 judicii
1418 3944 1583 3987 matu-

513 4016 675 4065 ritas:
726 4015 851 4065 item
897 4024 1037 4065 artes
1078 4021 1135 4065 et
1175 4015 1424 4065 scientiae.
1494 4015 1582 4065 lta

512 4090 862 4142 casaubonus.

597 4167 782 4217 mmm
849 4166 1126 4230 pudentia]
1213 4167 1575 4230 Experientia,

508 4259 652 4297 um·
1176 4289 1181 4294 .

597 4319 770 4385 Velox]
815 4319 1155 4384 Primatum,
1195 4327 1317 4369 ante
1352 4326 1577 4383 tempus,

1687 1654 1810 1698 ante
1851 1646 2217 1711 pubertatem3
2262 1662 2377 1713 quae
2424 1645 2562 1709 apud
2594 1645 2761 1697 Athe-

1687 1722 1889 1773 nienses
1906 1724 2208 1774 sumebatur
2237 1724 2322 1790 (ut
2345 1722 2513 1782 aiunt)
2530 1721 2598 1772 ab
2617 1738 2756 1774 anuo

1687 1801 1856 1849 aetatis
1882 1800 2083 1851 decimo
2107 1808 2309 1852 octavo.
2346 1799 2656 1850 Philostrat-

1750 1881 1780 1924 6
1829 1876 1959 1926 Ante
1984 1875 2131 1941 pilos]
2170 1875 2412 1940 Adeptus
2457 1884 2539 1924 est
2581 1875 2754 1941 Impe-

1686 1952 1816 2002 rium
1849 1953 1993 2003 Nero
2016 1961 2137 2003 ante
2180 1968 2367 2003 anuum
2408 1952 2580 2002 aetatis
2614 1953 2762 2004 deci-

1685 2042 1820 2078 mum
1844 2031 2136 2093 septimum.
2169 2031 2388 2081 Sueton.
2411 2029 2609 2080 Neron.
2632 2045 2754 2094 cap.

1683 2109 1733 2155 8.
1782 2106 1989 2156 Cornel.
2027 2106 2193 2157 Tacit.
2247 2107 2433 2155 Annal.
2477 2104 2571 2155 lib.
2620 2119 2754 2156 xm.

1681 2180 1865 2232 initio:
1893 2182 1981 2232 ubi
2014 2192 2070 2232 et
2112 2190 2326 2233 notatur
2359 2183 2505 2249 quasi
2536 2182 2752 2233 vixdum

1682 2257 1957 2320 pueritiam
1980 2272 2237 2321 egressus.

1749 2334 1970 2383 Dicenda
1996 2336 2281 2405 tacendaque
2312 2336 2476 2399 ealles]
2541 2336 2755 2400 Ergone

1679 2417 1835 2474 putas
1867 2410 2062 2461 babere
2104 2418 2154 2461 te
2193 2418 2249 2460 et
2283 2410 2476 2461 callere
2511 2425 2596 2473 ea,
2630 2426 2752 2477 quc

1679 2487 1765 2536 vix
1785 2487 2029 2538 diuturno
2050 2502 2221 2537 rerum
2256 2502 2350 2536 usu
2378 2488 2565 2537 doctus
2589 2503 2754 2539 senex

1674 2565 1907 2616 habetet
1942 2568 2132 2616 callet?
2191 2567 2353 2616 Certe
2376 2573 2434 2615 ut
2466 2567 2659 2616 callum
2697 2568 2750 2616 iu

1675 2656 1913 2705 corpore,
1938 2642 2015 2694 ita
2030 2644 2081 2692 iu
2106 2641 2277 2691 auimo
2299 2641 2624 2706 prudentiam
2639 2655 2747 2692 non

1675 2719 1815 2781 parit
1868 2720 1966 2768 nisi
2012 2720 2216 2784 longum
2280 2725 2502 2781 tempus.
2585 2721 2746 2771 ovid.

1677 2796 1892 2845 Metam.
1941 2810 2014 2847 vt.
2075 2800 2091 2826 ‘
2114 2796 2258 2846 seris
2302 2795 2446 2844 veuit
2503 2811 2623 2845 usus
2679 2798 2747 2847 ab

1675 2873 1866 2921 annisz'
1908 2872 1978 2923 Et
2000 2873 2121 2923 alibi
2157 2873 2351 2922 Nestor
2383 2872 2459 2920 ita
2483 2874 2746 2938 loquitur:

1673 2950 1688 2975 ‘
1715 2950 1923 2999 Etenim
1964 2951 2087 2999 mibi
2121 2951 2288 3000 multa
2324 2955 2558 2999 vetustas
2595 2950 2748 3002 Scire

1671 3024 1862 3074 dedit)

1733 3105 1765 3149 6
1803 3103 1934 3162 Ergo
1951 3100 2031 3149 ubi
2053 3105 2297 3160 commota,
2317 3099 2425 3163 ξω]
2483 3100 2744 3152 Quoniam

1671 3184 1727 3225 tu
1759 3176 1858 3226 tibi
1899 3183 2099 3227 tantum
2123 3192 2355 3240 arrogas,
2391 3185 2449 3227 et
2494 3179 2669 3227 omnia
2694 3186 2747 3227 te

1670 3267 1822 3315 posse
1863 3251 2099 3314 contidis,
2154 3253 2446 3316 periculum
2482 3252 2743 3304 faciamus

1670 3336 1771 3378 tuae
1796 3331 2040 3379 solertiae.

1734 3408 1980 3456 Commota
2009 3406 2174 3464 seruet
2209 3405 2446 3469 plebea-naa
2491 3405 2609 3468 hile]
2679 3407 2740 3455 Iu

1667 3481 1974 3532 seditionem
2000 3496 2168 3544 versa,
2191 3490 2246 3530 et
2270 3481 2451 3531 turbas
2467 3483 2742 3533 miscente.

1731 3562 1760 3606 7
1799 3559 1917 3607 Fert
1939 3558 2148 3620 unimus]
2183 3556 2382 3621 Audes,
2404 3566 2461 3607 et
2482 3565 2738 3621 prastare

1670 3640 1721 3681 te
1748 3648 1900 3695 posse
1923 3648 2022 3682 non
2048 3632 2277 3695 dubitas,
2302 3648 2412 3698 prae
2436 3648 2626 3696 magua
2661 3633 2737 3683 tui

1664 3708 1874 3756 fiducia.
1957 3707 2256 3758 Ammianus
2313 3710 2405 3758 lib.
2453 3724 2613 3760 xxvi.
2664 3710 2738 3760 sie

1665 3782 1855 3833 babet:
1890 3785 1906 3811 ‘
1932 3783 2234 3833 Immauiter
2273 3791 2546 3848 strepente
2589 3799 2739 3834 exer-

1664 3861 1790 3922 citu,
1828 3876 1945 3910 cum
1985 3860 2112 3909 cieri
2155 3864 2406 3910 tumultus
2455 3862 2737 3911 violentior

1665 3943 1962 3999 appareret,
1993 3937 2407 3996 Valentinianus,
2443 3939 2584 3987 elata
2619 3952 2738 4001 pro·

1663 4028 1812 4076 spere
1834 4013 2042 4074 dextra,
2059 4020 2115 4061 nt
2135 4012 2388 4076 Princeps
2412 4012 2605 4063 fiducia
2624 4015 2733 4078 ple·

1660 4104 1948 4148 uus,ausus
1971 4090 2240 4152 increpare
2273 4092 2522 4154 quosdam
2555 4099 2615 4141 ut
2649 4105 2729 4140 se·

1659 4168 1873 4216 ditiosos
1892 4174 1945 4215 et
1970 4169 2283 4229 pertinaces,
2315 4167 2550 4231 cogitata
2573 4167 2725 4216 nullis

1657 4242 2107 4306 interpellantibus
2128 4242 2465 4293 absolvebat)

1725 4319 1909 4369 Calida
1944 4317 2120 4380 turbe]
2179 4319 2451 4382 Saevienti,
2482 4317 2724 4370 efferves-
