3050 4913
1166 388 1618 441 Juvnnams.
2324 372 2506 445 1209

281 537 478 614 Atque
505 533 735 593 utinam
766 532 975 593 veteris
1001 532 1217 593 librarii
1246 554 1484 593 manum
1516 534 1790 594 omnibus
1817 535 2056 595 omnino
2084 536 2234 595 locis
2260 538 2494 618 assequi

276 630 560 690 licuisset.
651 633 893 699 Verum,
923 632 1122 690 nescio
1151 651 1290 710 quo.
1334 632 1487 690 malo
1513 634 1686 710 genio
1715 632 1935 692 factum
1967 643 2077 705 est,
2107 645 2171 695 ut
2197 637 2497 714 exemplar

278 725 415 783 illud
450 727 613 784 nulla
646 737 812 803 parte
856 726 1064 785 melius
1092 738 1266 796 esset,
1311 747 1487 805 quam
1518 748 1635 806 qua
1669 731 1916 806 imperiti
1952 733 2181 790 lectoris
2225 733 2407 808 impio
2435 740 2499 791 et

282 821 495 881 infelici
528 824 689 901 stylo
708 842 959 894 erasum,
990 824 1296 883 infeliciori
1325 826 1499 884 etiam
1533 827 1762 885 calamo
1792 828 2186 898 emendatum,
2212 843 2309 887 aut
2334 848 2498 888 men-

285 917 482 978 datum
512 920 721 996 potius
745 930 806 978 et
835 920 1296 980 contaminatum
1327 921 1475 979 fuit:
1520 923 1673 981 adeo
1702 934 1765 983 ut
1796 926 1931 982 mibi
1952 927 2283 985 recentioris
2316 927 2497 1005 scrip-

287 1025 427 1074 turae
456 1016 708 1094 vestigia
729 1018 897 1094 quasi
927 1027 1083 1077 notae
1110 1018 1451 1098 iudicesque
1480 1022 1690 1080 fuerint
1719 1022 1792 1080 ad
1822 1034 2071 1082 veterem
2104 1024 2493 1102 indagandam

282 1121 461 1190 atque
487 1114 835 1184 eruendam,
883 1134 1056 1192 quam
1086 1115 1336 1191 adjectae
1365 1117 1574 1193 passim
1604 1119 1675 1176 ad
1718 1128 2031 1197 utrumque
2061 1121 2374 1199 marginem
2404 1121 2495 1181 in-

281 1210 733 1287 terpretationes
776 1211 1069 1270 interdum
1115 1210 1588 1290 suppeditarunt,
1635 1234 1792 1292 saepe
1832 1236 1939 1274 nos
1977 1229 2036 1275 et
2078 1218 2220 1293 ipsae
2260 1218 2499 1278 ‹leseru-

284 1315 476 1364 erunt.
565 1308 780 1366 Earum
834 1327 1011 1386 porro
1069 1328 1244 1386 quem
1298 1311 1614 1368 Auctorem
1671 1312 2009 1371 nominatim
2074 1313 2324 1387 laudem,
2377 1335 2496 1376 non

287 1402 502 1472 babeo,
546 1423 689 1462 cum
721 1405 941 1463 nullum
979 1406 1247 1480 praeserat
1289 1405 1478 1465 codex
1509 1409 1625 1478 ille,
1675 1428 1795 1487 quo
1825 1411 1936 1468 bac
1976 1418 2139 1486 parte
2169 1411 2257 1470 usi
2298 1431 2499 1471 sumus

288 1500 500 1559 unico:
561 1520 898 1577 quanquam
952 1521 1066 1560 non
1120 1502 1324 1580 ignoro
1380 1524 1416 1561 a
1440 1496 1764 1583 *plerisque
1816 1525 1929 1564 non
1979 1517 2292 1584 postremae
2340 1518 2497 1568 notae

287 1596 676 1674 scriptoribus
711 1597 915 1656 Probo
960 1597 1137 1657 tribui
1180 1602 1599 1659 commentaria
1648 1620 1766 1659 non
1811 1601 1866 1660 in
1911 1602 2254 1661 Juvenalem
2298 1603 2495 1674 modo,

289 1693 388 1752 sed
417 1705 481 1753 et
506 1694 569 1751 in
600 1697 685 1753 A.
712 1694 892 1753 Persii
921 1696 1157 1774 Satyras
1178 1695 1296 1765 illa,
1327 1717 1579 1771 quornm
1604 1697 1736 1755 beic
1765 1717 2005 1773 quoque
2026 1699 2241 1757 bonam
2274 1709 2498 1777 partem

286 1791 746 1850 emendatiorem
778 1792 1007 1862 damus,
1052 1794 1137 1851 usi
1164 1794 1342 1852 etiam
1382 1795 1491 1852 bac
1521 1794 1579 1851 in
1610 1814 1671 1853 re
1700 1794 1949 1852 consilio
1981 1794 2333 1872 judicioque
2359 1795 2506 1854 ami-

288 1900 514 1958 corum,
557 1898 740 1966 atque
767 1890 827 1946 in
872 1889 1069 1965 primis
1110 1890 1233 1948 Jos.
1262 1889 1541 1965 Scaligeri
1585 1889 1692 1948 viri
1721 1888 2214 1965 incomparabilia,
2265 1888 2339 1947 de
2381 1909 2503 1967 quo

290 1984 578 2063 quicquid
608 1995 891 2063 praeterea
932 1984 1155 2057 dixero,
1203 1986 1394 2045 minus
1438 1986 1570 2045 erit.
1660 1986 1725 2044 ld
1756 2005 1894 2043 vero
1920 1985 2001 2044 illi
2038 2005 2111 2044 an
2141 2006 2213 2044 ex
2243 1994 2502 2045 veterum

290 2079 577 2141 librorum
625 2080 770 2153 fide,
825 2102 902 2142 an
948 2102 1020 2141 ex
1068 2084 1414 2158 conjectura
1468 2082 1667 2160 potius
1712 2080 1949 2152 faciant,
2000 2101 2118 2140 non
2168 2081 2311 2141 satis
2356 2082 2503 2142 scio.

288 2177 446 2237 lllud
496 2177 842 2237 dissimilare
890 2198 1006 2237 non
1057 2197 1321 2256 possum,
1372 2177 1534 2256 quod
1582 2177 1903 2255 Berytisun
1950 2178 2212 2237 nonnulli
2260 2188 2499 2249 vocant,

285 2272 502 2335 frustra
529 2297 658 2347 eos,
687 2287 746 2335 et
775 2296 981 2355 parum
1013 2276 1215 2335 critice
1246 2276 1460 2347 facere,
1492 2275 1541 2334 si
1570 2274 1644 2334 ad
1683 2274 1970 2334 Valerium
2000 2275 2266 2334 Probum
2292 2274 2502 2336 referre

290 2371 496 2443 velint,
542 2374 716 2451 cujus
746 2374 874 2434 haec
906 2384 1141 2433 aetatem
1178 2373 1328 2433 ferre
1356 2373 1518 2433 nullo
1553 2371 1857 2451 privilegio
1898 2382 2162 2450 possunt.
2247 2371 2360 2430 Sed
2392 2392 2503 2432 uec

294 2470 504 2530 Probo
534 2471 772 2549 quidem
802 2471 884 2529 illi
915 2472 1190 2539 tribuam,
1232 2491 1401 2548 quem
1437 2471 1642 2548 Lupus
1685 2479 1884 2529 noster
1913 2470 2025 2529 sub
2066 2470 2287 2528 Karolo
2315 2470 2504 2529 Calvo

294 2567 446 2647 lmp.
487 2567 548 2626 in
591 2569 927 2627 Germaniae
974 2569 1126 2627 saltu
1176 2568 1442 2628 liberales
1488 2567 1831 2645 disciplinas
1881 2576 2180 2637 tractasse,
2227 2565 2504 2643 Satyrum

288 2663 469 2723 etiam
499 2672 754 2724 tentasse
779 2665 881 2725 ait.
964 2666 1116 2726 Nam
1145 2675 1205 2726 et
1231 2667 1336 2726 ista
1367 2665 1700 2726 literatioris
1731 2673 1865 2724 sunt
1894 2662 2115 2732 saeculi,
2145 2671 2205 2722 et
2236 2662 2397 2740 quod
2429 2683 2503 2722 ex

289 2761 488 2821 Taciti
520 2762 764 2821 historia
793 2762 1050 2840 Moysen
1081 2773 1367 2840 repetunt,
1413 2782 1635 2833 vereor,
1680 2781 1753 2822 ne
1783 2761 1860 2821 sit
1890 2759 2135 2820 bominis
2174 2758 2507 2820 Christiana

294 2858 570 2937 religione
596 2859 865 2918 nondum
896 2859 1127 2919 imbuti.
1212 2863 1295 2919 At
1321 2859 1417 2917 illa
1445 2878 1585 2917 sane
1612 2858 1687 2917 de
1715 2859 1901 2917 crucis
1928 2856 2243 2936 supplicio,
2274 2866 2335 2915 et
2362 2855 2509 2915 Ala·

293 2958 554 3015 σηπία
580 2975 815 3027 nomen,
857 2957 1085 3034 aliaque
1111 2957 1240 3033 ejus
1282 2956 1504 3035 generis
1542 2956 1843 3026 nonnulla,
1889 2965 2027 3032 post
2056 2952 2505 3014 Constantinum

296 3052 585 3130 Magnum
616 3055 831 3131 scripta
860 3073 1052 3124 nemo,
1083 3054 1191 3113 nisi
1223 3052 1477 3112 historiar
1502 3052 1755 3130 ignarus,
1785 3051 2103 3131 negaverit.
2188 3052 2315 3129 Ego
2341 3069 2506 3121 vero,

293 3150 455 3228 qnod
480 3151 695 3210 ceteris
718 3150 839 3210 fere
862 3154 1134 3210 Veterum
1157 3150 1688 3211 Grammaticorum
1711 3150 1942 3210 Glossis
1962 3159 2020 3209 et
2041 3147 2507 3218 Commentariis,

290 3246 449 3305 idem
494 3258 560 3307 et
600 3248 737 3307 huie
767 3256 970 3307 nostro
1017 3246 1305 3310 accidisse
1349 3247 1539 3317 video,
1585 3256 1651 3306 ut
1679 3265 1751 3305 ex
1793 3245 2100 3305 Variorum
2131 3245 2393 3316 diversae,
2443 3254 2510 3304 ut

288 3345 503 3416 aetatis,
542 3346 629 3405 sic
658 3344 1001 3404 eruditionis
1029 3345 1419 3423 Interpretum
1451 3344 1603 3403 notis
1630 3342 1971 3414 conflatum,
2014 3343 2197 3402 instar
2221 3352 2280 3402 et
2309 3343 2507 3420 ipsum

289 3442 515 3520 Satyrae
542 3453 721 3502 esset.
807 3442 968 3511 Quin
1003 3453 1064 3501 et
1090 3444 1147 3500 in
1189 3442 1430 3520 antiquo
1457 3441 1775 3519 exemplari
1817 3460 1975 3518 saepe
2004 3460 2097 3499 me
2136 3440 2213 3498 ab
2243 3439 2408 3497 initio
2436 3458 2509 3497 ex

290 3538 624 3616 marginum
653 3539 1008 3608 diversitate,
1050 3536 1598 3613 interpretationum
1636 3537 1809 3596 etiam
1840 3535 2232 3595 diversitatem
2277 3543 2511 3592 notasse

290 3637 568 3700 memini:
616 3657 792 3713 quam
838 3646 1031 3696 tamen
1070 3636 1129 3694 in
1175 3638 1284 3694 hac
1321 3635 1579 3695 editione
1623 3642 2039 3712 reproesentare
2077 3650 2272 3708 neque
2317 3631 2509 3707 potui,

291 3753 507 3809 neque,
552 3733 776 3812 opinor,
822 3733 1027 3792 debui.
1119 3731 1287 3805 Valla
1312 3741 1373 3791 et
1417 3732 1543 3809 ipse
1575 3730 1658 3788 vir
1700 3727 2170 3807 diligentissimus
2211 3725 2300 3785 sui
2339 3726 2508 3787 nobis

292 3828 485 3889 Proba·
512 3829 841 3908 fragmenta
867 3829 943 3888 ad
992 3831 1229 3908 Satyras
1276 3838 1498 3888 tantum
1536 3826 1762 3903 aliquot
1790 3844 1898 3903 pro
1940 3831 2120 3900 captu
2148 3832 2328 3899 atque
2356 3821 2510 3881 arbi·

292 3936 454 3986 tratu
482 3947 595 3987 suo
624 3928 910 3999 exhibuit,
953 3946 1089 4004 quae
1134 3935 1328 3985 tamen
1356 3924 1703 4000 adjumento
1730 3940 1847 3979 noa
1890 3919 2004 3979 levi
2033 3919 2328 3996 plerisque
2364 3919 2509 3977 locis

294 4023 553 4094 suerunt,
600 4043 748 4100 quos
787 4043 860 4082 ex
887 4022 999 4082 illis
1049 4022 1135 4081 vel
1164 4021 1620 4089 emendavimus,
1671 4017 1760 4077 vel
1801 4015 2224 4096 supplevimus,
2271 4014 2513 4092 adjecta

295 4120 475 4180 etiam
505 4140 614 4179 sua
641 4120 854 4200 cuique
894 4129 1052 4190 nota,
1099 4118 1260 4197 quod
1309 4118 1439 4177 heic
1466 4117 1546 4176 ab
1590 4114 1789 4194 operis
1812 4111 2266 4192 praetermissum
2317 4109 2511 4168 video.

297 4217 515 4279 Cetera
565 4218 763 4279 omnia
807 4239 881 4279 ex
928 4229 1130 4278 nostro
1178 4217 1280 4278 illo
1335 4215 1511 4276 unico
1564 4212 1906 4292 exemplari,
1957 4229 2074 4270 non
2121 4208 2243 4269 sine
2305 4225 2513 4284 magno
