3050 4913
1087 373 1181 420 m·
1241 372 1679 422 vssnnonuu.

276 523 454 575 cetur,
495 528 562 562 an
585 511 734 562 ulcus
770 511 843 575 vi,
875 517 974 563 473
1038 513 1158 564 iude
1199 516 1354 566 sumit

279 588 563 642 utrumque
601 577 835 626 habitum
876 578 948 640 ix,
986 582 1051 628 20
1115 577 1256 629 foeda
1277 596 1353 630 as-

277 650 446 708 pectu
472 641 795 704 ridendaque
835 643 998 691 multo
1034 658 1166 708 pane
1189 652 1357 698 tumet

278 709 355 769 vi,
375 711 476 756 462
512 704 804 754 reverenda
824 705 1067 756 obscoeno
1089 709 1272 757 minori
1291 709 1359 770 vi,

277 775 381 820 513
434 779 528 820 tua
549 775 825 832 computat
847 784 1008 819 anuos
1029 772 1096 829 vi,
1120 777 1216 821 199
1258 788 1361 821 uua

276 850 470 884 senum
492 840 599 882 cet.
622 848 678 893 x,
702 837 797 881 198
832 833 1018 882 faciem
1041 836 1360 886 contundere

279 901 464 962 palma
488 898 599 958 xiii,
638 900 733 945 128
801 899 1034 961 Neptuni
1074 901 1213 948 radit
1249 902 1361 964 xiii,

282 969 380 1013 151
453 963 574 1011 linit
594 961 662 1021 vi,
683 966 776 1010 481
845 977 949 1011 nou
981 963 1251 1013 abscondit
1274 981 1361 1028 ga·

281 1028 369 1077 lea
404 1027 517 1088 viii,
553 1029 653 1074 203
721 1027 891 1088 optari
933 1034 1076 1076 vetat
1119 1030 1363 1079 Lucretia

285 1108 342 1154 x,
362 1096 466 1140 293
535 1106 568 1139 o
591 1089 758 1154 qualis
779 1088 954 1150 facies,
978 1098 1034 1139 et
1046 1094 1185 1155 quali
1203 1094 1364 1156 digua

285 1156 491 1205 tabella
511 1170 570 1216 x,
593 1158 690 1203 157
742 1168 774 1200 a
796 1152 933 1204 facie
958 1155 1161 1218 jactare
1183 1173 1363 1207 manus

284 1221 360 1281 iii,
383 1223 487 1267 106
555 1219 607 1266 in
632 1216 767 1266 facie
789 1233 965 1267 eorum
988 1221 1189 1269 miserae
1224 1236 1363 1282 mag-

285 1297 482 1346 uaeque
506 1282 756 1331 amicitiae
781 1284 949 1345 pallor
970 1284 1183 1334 sedebat
1205 1285 1273 1345 iv,
1300 1291 1364 1335 74

286 1349 460 1397 multa
475 1345 735 1408 ¹deformia
756 1347 825 1406 vi,
850 1352 942 1397 107
1008 1345 1138 1398 facie
1163 1349 1366 1413 majoris

287 1426 481 1461 census
502 1411 682 1460 vivere
705 1409 799 1470 vii,
825 1415 917 1460 137
984 1410 1118 1462 facie
1146 1413 1241 1462 liac
1265 1428 1365 1462 nou

288 1483 407 1526 erat
430 1474 778 1524 miserabilior
800 1475 970 1524 Pollio
993 1477 1063 1537 ix,
1084 1481 1117 1525 6
1156 1479 1208 1525 in
1231 1476 1368 1527 facie

290 1556 396 1589 non
418 1541 591 1589 haeret
615 1545 763 1602 gutta
785 1555 874 1588 sau
915 1540 1045 1589 uinis
1067 1541 1138 1603 xi,
1164 1546 1229 1591 54
1293 1541 1368 1590 fa·

293 1605 376 1654 cie
399 1610 558 1652 recta
581 1603 720 1665 loqui
738 1618 856 1652 cum
877 1555 1091 1654 {acibus
1111 1613 1367 1680 praesente

292 1669 491 1718 marito
513 1668 589 1726 vi,
626 1667 722 1716 401
791 1668 1013 1717 secunda
1052 1670 1218 1732 Seiani
1256 1678 1368 1720 toto

293 1734 426 1782 orbe
464 1748 520 1790 x,
561 1735 625 1780 63
693 1730 853 1780 facies
881 1732 1107 1781 Deorum
1131 1733 1368 1795 aspicere

295 1798 384 1856 vii,
404 1800 473 1846 67
543 1795 681 1843 olida
703 1795 768 1842 ad
794 1797 1050 1858 praesepia
1071 1798 1238 1857 pictas
1261 1798 1370 1857 viii,

297 1866 392 1911 157
463 1860 518 1908 in
545 1859 768 1908 minutas
800 1866 858 1906 et
896 1862 1071 1909 titulos
1106 1863 1369 1911 concisum

295 1931 580 1990 argeutum
622 1923 732 1982 xiv,
775 1925 868 1971 291
938 1924 1062 1972 alias
1107 1934 1161 1974 et
1200 1928 1371 1975 vultus

297 1988 549 2038 dimidios
592 1988 855 2050 aspiceres
894 1987 1004 2049 jam
1050 1995 1234 2038 cuncta
1277 2005 1371 2053 per

298 2054 512 2118 agmina
556 2067 643 2113 xv,
683 2056 747 2100 57
816 2053 1007 2101 multas
1032 2054 1136 2102 cito
1161 2054 1310 2117 fingit
1332 2070 1372 2103 s.

299 2118 479 2182 pingit
501 2117 575 2177 ix,
598 2119 693 2163 146

366 2181 554 2231 Facile
576 2194 679 2229 non
703 2186 974 2242 emergunt
996 2181 1068 2243 iii,
1090 2187 1184 2232 164

364 2245 565 2295 Facilis
587 2245 748 2293 cuivis
767 2244 916 2306 rigidi
933 2260 1154 2295 censura
1168 2246 1375 2296 cachin-

298 2310 355 2359 ni
395 2325 450 2372 x,
487 2313 553 2357 31
623 2308 838 2357 victoria
859 2308 925 2357 de
948 2310 1164 2359 madidis
1186 2326 1274 2373 κν,
1310 2315 1374 2360 47

300 2374 463 2424 facile
504 2373 620 2437 quis
660 2378 741 2420 est
773 2371 937 2421 aedem
963 2374 1250 2424 conducere
1273 2381 1376 2425 cet.

306 2439 382 2501 iii,
405 2443 465 2488 31
541 2443 641 2499 cst,
664 2435 878 2486 barbato
896 2437 1160 2501 imponere
1177 2439 1286 2503 regi
1307 2440 1379 2501 iv,

307 2508 406 2553 103
456 2509 515 2552 et
541 2515 758 2565 pronum
783 2509 884 2563 est,
903 2517 1055 2565 agere
1078 2511 1181 2553 cet.
1206 2505 1275 2567 ix,
1295 2509 1380 2554 43.

302 2568 418 2625 xiii,
462 2571 528 2615 75
596 2563 798 2614 facilem
840 2579 1017 2615 atu-em
1057 2569 1289 2632 praebere
1331 2584 1381 2628 v,

311 2636 410 2681 107
477 2628 691 2678 facilem
737 2630 785 2677 iu
833 2645 1010 2680 aurem
1049 2633 1264 2681 stillavit
1307 2633 1381 2694 iii,

312 2699 410 2745 122
476 2694 619 2742 facili
659 2701 942 2756 patuerunt
973 2696 1183 2746 cardine
1220 2697 1381 2745 valvae

309 2762 382 2820 iv,
401 2763 468 2809 63
509 2756 648 2805 facili
672 2757 756 2805 cui
780 2759 998 2819 plurima
1021 2760 1190 2822 palma
1211 2760 1382 2809 fervet

311 2822 501 2887 (equo)
528 2822 639 2882 viii,
661 2826 725 2871 58
790 2820 933 2872 facili
972 2825 1152 2873 haustu
1194 2824 1383 2873 diffun-

313 2889 459 2937 ditur
481 2892 672 2949 puteus
708 2886 761 2933 iu
800 2886 1003 2949 plautas
1033 2888 1108 2949 iii,
1145 2892 1242 2937 227
1309 2887 1384 2936 fa-

315 2954 447 3001 ciles
487 2951 581 2999 Dii
630 2950 925 3012 optantibus
970 2952 1091 3016 ipsis
1146 2959 1385 3002 evertere

314 3018 503 3065 domus
524 3020 662 3063 totas
687 3028 740 3073 x,
763 3018 795 3063 8

382 3079 611 3129 Facinus
635 3077 860 3127 libidinis
886 3080 1078 3129 nullum
1111 3087 1167 3129 et
1191 3080 1385 3129 crimen

316 3145 485 3205 abest,
520 3157 586 3191 ex
611 3156 712 3204 quo
746 3152 1028 3205 paupertas
1053 3145 1203 3193 Rom.
1226 3145 1388 3207 periit

319 3209 390 3268 vi,
411 3213 511 3257 295
582 3214 637 3255 et
657 3207 850 3254 crimen
869 3210 1041 3268 capilli
1055 3206 1178 3256 flexi
1198 3210 1268 3270 vi,
1291 3213 1386 3257 493

317 3271 531 3336 majoris
554 3270 739 3319 abouae
762 3271 835 3331 iii,
860 3276 950 3320 115
1017 3272 1153 3337 quod
1177 3272 1389 3336 dignum

320 3346 428 3386 tam
452 3337 614 3398 longo
636 3334 906 3384 admiserit
922 3351 1034 3386 aevo
1057 3352 1108 3396 x,
1129 3341 1224 3386 255
1277 3336 1392 3399 ipsa

320 3401 502 3465 peregi
544 3401 618 3457 vi,
649 3402 747 3447 640
813 3414 877 3448 an
907 3400 1007 3450 hoc
1037 3401 1115 3450 illi
1151 3401 1392 3450 suaderet

322 3466 519 3528 Apollo
542 3463 652 3522 xiii,
672 3466 768 3511 203

389 3528 544 3578 Facit
562 3526 856 3588 indignatio
871 3543 1070 3577 versum
1088 3529 1125 3586 i,
1145 3532 1210 3577 79
1245 3528 1393 3577 nidos

325 3593 515 3642 arbore
539 3593 643 3653 xiV,
668 3595 731 3639 80
796 3592 982 3655 injuria
1005 3607 1154 3657 agros
1188 3593 1396 3641 venales

328 3659 432 3719 xiv,
457 3662 549 3705 151
592 3670 824 3704 somnum
850 3658 1023 3705 clausa
1047 3657 1235 3706 lectica
1257 3655 1398 3705 fene-

331 3729 437 3771 stra
454 3722 532 3783 iii,
552 3725 652 3769 212
697 3720 836 3783 quod
855 3720 962 3777 ille,
981 3721 1109 3770 sciet
1127 3728 1246 3770 ante
1260 3721 1397 3768 diem

332 3800 500 3849 caupo
525 3786 791 3847 proximus
827 3784 898 3846 ix,
924 3789 1015 3833 107
1081 3800 1134 3833 se
1175 3786 1285 3848 ipse
1311 3800 1396 3834 eu·

333 3852 554 3898 nucitum
580 3856 754 3897 castor
773 3848 866 3908 xii,
888 3852 950 3897 35
1017 3863 1199 3897 navem
1241 3850 1399 3897 mino·

332 3927 438 3962 rem
462 3914 559 3971 xii,
583 3919 646 3961 56
713 3916 773 3961 ut
795 3913 865 3959 sit
890 3913 995 3973 xiv,
1027 3917 1086 3961 71
1156 3912 1401 3976 quosdam

333 3978 383 4025 in
403 3980 622 4041 populos
648 3978 750 4025 isse
777 3977 1058 4037 Niphatem
1092 3976 1160 4036 vi,
1180 3980 1279 4025 409
1344 3991 1400 4025 se

337 4042 529 4091 lautum
566 4051 723 4107 atque
750 4041 963 4088 beatum
985 4040 1113 4088 falso
1148 4042 1185 4102 i,
1207 4045 1270 4090 67
1340 4041 1404 4088 ri·

341 4106 536 4156 diculos
577 4108 815 4155 homines
868 4113 1147 4167 paupertas
1191 4105 1263 4168 iii,
1307 4107 1402 4153 153

337 4186 393 4219 se
435 4171 696 4219 dominum
753 4166 905 4217 unius
952 4169 1157 4218 lacerlae
1196 4168 1270 4231 iii,
1307 4173 1400 4217 231

338 4250 567 4285 mmnum
592 4233 904 4299 quibusdam
930 4234 1042 4281 rixa
1058 4234 1133 4297 iii,
1154 4237 1250 4283 282
1290 4234 1404 4284 haec

463 4329 645 4393 Delph.
669 4333 715 4377 a
749 4327 868 4376 Ver.
895 4326 1022 4376 ctas.

2349 360 2499 424 xlix

1430 531 1534 566 non
1566 515 1785 579 Apicius
1829 514 1899 574 iv,
1931 519 1995 567 23
2085 521 2226 566 tutos
2268 513 2424 565 Afros
2464 531 2497 564 a

1430 580 1755 644 serpentibus
1779 596 1829 642 v,
1862 584 1925 628 91
1991 593 2124 629 uxor
2155 580 2348 630 sterilis
2370 581 2496 629 ami·

1432 659 1550 693 cnm
1572 659 1747 694 carum
1782 659 1832 703 v,
1854 647 1947 692 140
2011 644 2109 693 hoc
2129 645 2244 692 illos
2270 644 2500 708 Hyacin-

1435 710 1548 757 thos
1590 709 1656 770 vi,
1681 713 1774 757 110
1841 708 2075 770 graviora
2106 709 2175 769 vi,
2194 713 2291 758 134
2355 710 2497 785 quod

1434 771 1640 822 deferat
1664 773 1772 834 ipse
1807 773 1874 833 vi,
1897 777 1994 820 552
2064 773 2290 822 carmina
2321 773 2408 835 vii,
2427 776 2496 823 28

1434 852 1614 886 versus
1651 837 1738 897 vii,
1762 841 1826 885 38
1892 836 2071 885 urbem
2109 838 2282 885 laetarn
2318 838 2409 898 vii,
2431 841 2495 886 83

1436 901 1559 964 quid
1578 902 1719 950 Nero
1738 900 1847 961 viii,
1862 904 1958 949 223
2013 901 2084 949 nil
2101 915 2338 950 mensura
2355 900 2499 964 longi

1435 965 1580 1013 nervi
1624 965 1699 1024 ix,
1729 969 1794 1014 34
1858 965 2050 1014 amicos
2086 964 2318 1027 sportula
2348 979 2401 1028 x,
2430 970 2502 1015 46

1438 1031 1662 1092 palmam
1696 1027 1900 1077 dubiam
1943 1029 2014 1090 xi,
2038 1033 2134 1078 179
2188 1028 2504 1091 patrimonia

1439 1092 1528 1154 xii,
1563 1098 1626 1141 50
1693 1091 1889 1156 grande
1923 1106 2098 1155 operae
2143 1093 2368 1156 pretium
2406 1093 2502 1156 xii,

1438 1161 1535 1205 127
1599 1158 1678 1205 ira
1718 1163 1989 1206 nocentem
2031 1157 2166 1205 hunc
2207 1172 2388 1206 sexum
2431 1157 2503 1220 vi,

1437 1224 1535 1269 647
1603 1235 1723 1269 sana
1746 1222 1915 1269 scelus
1938 1220 2118 1284 ingens
2133 1221 2205 1281 vi,
2228 1225 2325 1270 652
2362 1226 2504 1271 ‘tem-

1441 1284 1530 1347 pla
1569 1299 1694 1333 avus
1737 1285 1846 1342 viii,
1890 1288 1983 1333 143
2072 1291 2245 1334 vatem
2300 1285 2502 1334 animus

1441 1348 1705 1398 anxietate
1723 1363 1904 1397 carens
1929 1349 2017 1409 vii,
2031 1353 2093 1398 57
2161 1350 2359 1397 vultum
2381 1362 2505 1399 cera

1441 1413 1533 1474 vii,
1568 1417 1665 1462 238
1729 1427 1886 1461 causa
1920 1428 2027 1461 retu
2062 1413 2357 1462 dissimilem
2391 1413 2503 1476 viil,

1441 1479 1539 1525 214
1604 1475 1822 1525 facimus
1843 1491 1934 1525 nos
1968 1484 2042 1537 te,
2063 1478 2308 1537 Fortuna,
2332 1478 2505 1526 Deam

1443 1554 1495 1601 x,
1518 1544 1617 1590 366
1683 1540 1883 1590 faciunt
1920 1541 2045 1602 quid
2080 1547 2357 1590 stemmata
2392 1541 2505 1601 viii,

1444 1609 1469 1652 1
1540 1605 1658 1652 irati
1682 1604 1971 1653 vadimonia
1993 1605 2066 1666 iii,
2097 1609 2196 1654 299
2260 1604 2331 1653 nil
2355 1606 2505 1668 pueri

1443 1667 1512 1728 vi,
1548 1672 1640 1716 173
1706 1682 1810 1716 uon
1831 1668 1926 1728 illi,
1962 1682 2087 1730 quos
2120 1668 2353 1731 vicimus,
2388 1684 2507 1732 quae

1443 1746 1580 1780 nnnc
1613 1729 1744 1780 fiunt
1767 1731 1944 1795 populi
1968 1733 2180 1780 victoris
2212 1733 2266 1780 in
2301 1733 2428 1781 urbe
2450 1733 2507 1791 ii,

1444 1800 1540 1845 162
1626 1793 1745 1856 feci,
1795 1796 1985 1844 clamat
2039 1795 2233 1844 Pontia
2286 1795 2355 1856 vi,
2408 1800 2509 1845 638

1442 1858 1661 1908 fecimus
1686 1867 1742 1908 et
1775 1874 1866 1908 nos
1889 1860 1999 1910 haec
2030 1859 2256 1922 juvenes
2279 1860 2387 1920 viii,
2411 1863 2507 1908 163

1442 1921 1604 1972 faciet
1627 1924 1748 1987 quid
1773 1923 1872 1973 tibi
1903 1924 2127 1973 resinata
2138 1924 2387 1987 juventus
2406 1921 2513 1986 viii,

1445 1992 1539 2037 115
1607 1986 1805 2037 facient
1847 1988 1970 2052 quid
2011 2003 2111 2037 uon
2151 1987 2257 2048 alii,
2288 2002 2405 2036 cum
2451 1994 2512 2037 tu

1444 2052 1676 2101 multicia
1714 2067 1883 2101 sumas
1928 2053 1981 2114 ii,
2022 2057 2089 2101 66
2172 2051 2334 2102 facias
2368 2050 2514 2116 quid,

1447 2116 1603 2178 talem
1618 2116 1834 2166 sortitus
1849 2131 2051 2166 servum
2067 2115 2174 2177 viii,
2190 2120 2285 2165 179
2317 2115 2515 2166 faciant

1448 2180 1571 2245 quid
1587 2182 1908 2242 commercia,
1922 2182 2100 2245 aspice
2114 2181 2168 2243 ii,
2185 2185 2282 2230 166
2314 2178 2514 2230 faceret

1449 2244 1571 2308 quid
1596 2246 1710 2308 plus
1734 2261 1778 2294 ae
1817 2252 2026 2294 rotante
2043 2246 2155 2293 viro
2177 2245 2246 2305 vi,
2262 2249 2359 2293 388
2392 2259 2514 2309 qum

1451 2322 1571 2371 non,
1619 2310 1757 2373 quod
1848 2310 2059 2372 riucipis
2111 2324 2243 2357 uxor
2293 2308 2360 2371 vi,
2412 2313 2510 2358 617

1451 2371 1640 2422 feceris
1652 2380 1895 2437 tanquam
1911 2373 2124 2436 aliquid,
2145 2379 2359 2436 propter
2375 2372 2513 2435 quod

1453 2437 1640 2486 nobilis
1654 2452 1793 2487 esses
1814 2438 1924 2499 viii,
1945 2442 2005 2487 41
2076 2435 2288 2487 fecisset
2311 2437 2355 2485 si
2379 2437 2516 2486 alter

1456 2502 1593 2550 idem
1618 2503 1686 2562 iv,
1711 2505 1772 2550 12
1836 2501 1919 2551 fac
1956 2502 2114 2551 tertia
2135 2501 2517 2564 quadringenta.

1455 2567 1561 2629 xiv,
1577 2570 1675 2615 326
1738 2564 1851 2614 face
1871 2565 1985 2623 hoc,
2016 2572 2069 2613 et
2088 2573 2201 2613 esto
2234 2563 2380 2613 dives
2402 2562 2517 2627 tibi,

1457 2644 1657 2694 pauper
1678 2630 1857 2678 amicis
1876 2645 1924 2690 v,
1945 2633 2038 2677 112
2102 2628 2277 2677 facere
2292 2629 2392 2676 hoc
2415 2642 2520 2677 uon

1457 2695 1622 2758 possis
1691 2693 1881 2757 uinque
1924 2692 2107 2741 diebus
2149 2691 2405 2741 continuis
2445 2691 2521 2753 xi,

1456 2762 1555 2807 206
1674 2758 1847 2806 aciens
1931 2756 2104 2819 sacra)
2158 2772 2254 2820 pro
2322 2757 2519 2819 populo

1456 2821 1664 2872 Saufeia
1678 2822 1750 2882 ix,
1764 2826 1856 2871 117
1932 2829 2138 2871 acturus
2160 2820 2389 2869 rabidam
2409 2834 2521 2869 ore-

1459 2887 1566 2935 xim
1621 2887 1879 2936 sextarius
1925 2887 1993 2943 vi,
2045 2890 2143 2935 428
2226 2885 2379 2934 Fiunt
2419 2898 2522 2934 non

1459 2951 1726 3000 rancidula
1753 2951 1963 3013 opsonia
1985 2951 2061 2998 liis
2084 2950 2308 2998 cultellis
2329 2950 2401 3010 xi,
2427 2952 2521 2997 134

1460 3030 1577 3079 quae
1601 3015 1654 3063 in
1677 3015 1802 3062 urbe
1822 3015 2030 3063 victoris
2053 3015 2250 3077 populi,
2272 3028 2374 3062 non
2395 3011 2523 3061 faci-

1463 3086 1575 3140 unt,
1597 3093 1721 3141 quos
1741 3078 1950 3127 vicimus
1968 3079 2024 3138 ii,
2049 3082 2143 3126 162
2189 3077 2359 3126 omnia
2383 3077 2526 3139 talia,

1463 3150 1567 3192 tam
1588 3143 1829 3205 graviter,
1851 3142 1892 3191 si
1918 3141 2119 3205 quando
2136 3141 2340 3206 poetica
2358 3141 2528 3202 surgit

1465 3213 1746 3269 tempestas
1766 3207 1857 3266 xii,
1871 3210 1935 3254 22
2000 3205 2082 3254 hic
2106 3206 2336 3254 homines
2355 3204 2412 3267 ii,
2431 3207 2526 3254 167

1464 3272 1649 3332 omnia,
1692 3278 1751 3320 ut
1795 3270 1993 3334 cogaris
2027 3284 2122 3334 per
2161 3271 2416 3331 lacrymas
2454 3267 2529 3317 ef·

1465 3334 1682 3383 fundere
1717 3335 1869 3383 bilem
1908 3350 1960 3394 v,
1984 3339 2078 3383 158
2144 3349 2208 3382 ex
2242 3333 2378 3383 facie
2414 3339 2527 3382 toto

1467 3401 1593 3449 orbe
1616 3398 1846 3448 secunda
1877 3400 2091 3460 urceoli,
2130 3399 2305 3461 pelves
2338 3404 2441 3445 cet.
2473 3412 2528 3455 x,

1467 3468 1531 3512 64
1598 3463 1690 3512 fies
1708 3464 1773 3512 dc
1788 3465 1992 3512 rhetore
2010 3463 2216 3522 Consul,
2240 3462 2281 3509 si
2300 3462 2532 3509 Fortuna

1467 3530 1610 3576 volet
1655 3528 1737 3586 vii,
1761 3532 1852 3576 197
1919 3526 2011 3576 fias
2042 3534 2103 3576 ut
2133 3525 2440 3575 declamatio
2474 3528 2532 3572 et

1472 3592 1645 3656 pueris
1671 3593 1876 3654 placeas
1900 3606 1949 3653 x,
1973 3596 2065 3639 167
2132 3590 2302 3649 fieres,
2323 3590 2532 3635 homun-

1471 3657 1573 3716 cio,
1598 3664 1818 3718 quantus
1851 3670 1916 3704 ex
1941 3654 2113 3713 nihilo,
2143 3654 2184 3700 si
2207 3667 2321 3715 sqq.
2360 3666 2413 3711 V,
2438 3655 2531 3699 133

1472 3720 1582 3769 fieri
1606 3720 1695 3782 qui
1732 3720 1841 3767 vult
1875 3718 2037 3779 dives,
2069 3725 2125 3765 et
2159 3717 2265 3764 cito
2288 3716 2402 3764 vult
2421 3713 2537 3764 fieri

1473 3785 1579 3844 xiv,
1621 3787 1716 3831 176
1780 3795 2069 3843 praecones,
2111 3794 2211 3828 non
2253 3787 2407 3843 turpe
2445 3794 2539 3843 pu·

1476 3853 1656 3897 taruut
1677 3846 1767 3908 vii,
1804 3850 1838 3894 6
1940 3845 2027 3893 uid
2067 3859 2167 3893 uon
2191 3859 2340 3906 posse
2364 3852 2538 3908 putes,

1475 3913 1516 3960 si
1542 3918 1647 3960 cet.
1672 3910 1739 3967 vi,
1781 3914 1842 3959 41
1948 3909 2143 3969 ominus
2174 3909 2217 3958 si
2251 3910 2330 3957 vis
2372 3925 2421 3970 v,
2442 3913 2538 3959 138

1477 3975 1647 4025 factus
1665 3974 1866 4037 siligine
1892 3974 2029 4022 molli
2055 3974 2198 4036 panis
2212 3988 2262 4031 v,
2280 3976 2345 4021 70
2398 3971 2540 4021 facta

1479 4048 1561 4089 est
1580 4036 1747 4089 Tusca
1771 4040 1833 4087 de
1858 4039 2105 4088 Graecula
2142 4038 2210 4102 vi,
2234 4042 2328 4086 186
2391 4036 2538 4086 sacto

1479 4104 1959 4217 ssfffffpffssafxff
1986 4103 2540 4217 faffassl’xlffix’fissss

2268 4200 2281 4223 2

1481 4232 1615 4283 enda
1631 4248 1727 4297 pro
1745 4234 1855 4283 vita
1871 4232 2126 4307 quaedam,
2148 4245 2250 4280 non
2266 4227 2436 4278 omnia
2453 4240 2540 4287 xv,

1300 4326 1411 4375 Iud.
1444 4325 1563 4375 Juv.
2378 4318 2412 4365 d
2460 4374 2465 4377 ,
