3050 4913
1157 389 1609 454 munaus.
2241 362 2249 370 ’
2308 390 2482 464 1219

258 544 401 605 tiam
447 552 511 605 et
536 543 617 603 ad
658 560 952 604 summam
992 544 1076 605 rei
1115 547 1642 628 conspirationem,
1682 547 1743 610 in
1771 550 1990 630 quibus
2028 552 2208 613 rebus
2253 572 2483 618 summa

260 648 456 723 poetae
496 640 687 702 virtus
716 640 999 715 cernitur,
1046 642 1363 723 legentium
1406 646 1584 706 animi
1623 644 2027 719 advertuntur,
2071 657 2133 709 et
2159 652 2481 714 sexcenties

266 747 394 797 tum
429 737 654 798 frustra
680 748 1049 816 queruntur,
1092 760 1229 819 qnae
1270 743 1564 803 monenda
1601 753 1787 816 erant,
1829 753 1958 805 tum
1986 744 2190 817 multa,
2226 767 2361 827 quoe
2404 750 2481 811 sd

268 839 502 911 poetam
528 834 676 895 nihil
706 835 956 905 faciunt,
997 835 1074 897 ad
1103 837 1358 916 singulas
1388 858 1568 900 voces
1595 848 1656 901 et
1697 840 2011 901 sententias
2038 852 2317 904 annotata
2341 855 2482 909 snut

271 939 333 988 et
381 948 633 1010 operose
689 941 1029 1011 congesta.·
1082 932 1239 993 Hinc
1297 933 1616 994 Britannici
1669 936 2174 1010 commentarium,
2229 960 2304 999 ex
2359 961 2479 1022 quo

269 1027 453 1087 matta
505 1047 750 1108 qnoque
793 1029 1009 1089 bansta
1055 1037 1212 1100 sunt,
1271 1030 1643 1109 Grangaeano
1698 1031 2073 1110 proetulerim,
2129 1035 2480 1117 mallemque

263 1122 449 1196 illum,
497 1143 682 1202 quam
710 1126 872 1186 hunc
921 1125 1106 1186 textui
1132 1132 1328 1205 poetae
1371 1126 1723 1205 subjecisset
1753 1128 2098 1202 Henninins,
2143 1130 2246 1211 qni
2286 1136 2484 1196 consi-

264 1221 405 1281 linm
446 1241 622 1281 snum
647 1241 852 1283 vereor
892 1230 961 1283 nt
988 1222 1188 1283 multis
1214 1223 1551 1302 probaverit
1588 1225 1699 1285 hac
1726 1225 1953 1287 ratione
1976 1227 2186 1288 allata:
2233 1236 2253 1264 ‘
2279 1230 2481 1293 Gren-

259 1318 410 1397 gaes',
437 1318 934 1398 Gymnasiarchae
974 1318 1449 1392 vindocinensis,
1495 1321 1795 1402 Synopres
1821 1323 2058 1404 singulis
2087 1325 2308 1405 Satyris
2332 1347 2484 1407 prm·

266 1413 367 1494 figi
395 1414 512 1476 fuit
539 1415 752 1485 visum,
793 1422 857 1475 et
885 1414 1112 1494 placuit
1140 1435 1263 1495 prae
1302 1417 1514 1478 ceteris
1542 1416 1808 1494 ejusdem
1837 1419 2031 1483 Notas
2057 1440 2196 1481 cum
2227 1420 2486 1488 Scholia

272 1511 545 1571 Veterum
574 1512 687 1574 sub
706 1512 966 1573 Textum
991 1512 1274 1592 recipere,
1301 1533 1438 1574 cum
1457 1534 1576 1575 nou
1600 1513 1787 1576 solum
1806 1508 2162 1578 abstrusiora
2187 1519 2223 1580 J
2228 1521 2483 1583 nvennlis

266 1607 516 1669 feliciter
541 1609 894 1689 plerumque
921 1609 1197 1689 explicet,
1226 1608 1331 1669 sed
1360 1619 1421 1670 et
1448 1620 1692 1688 vagatus
1720 1630 1826 1689 per
1849 1632 2024 1672 omne
2051 1633 2232 1691 genus
2254 1619 2481 1679 Aucto·

269 1724 419 1774 rum,
451 1705 822 1766 Alexandros
843 1705 1124 1783 Neapol.,
1151 1704 1497 1776 Beroaldus,
1525 1705 1829 1776 Brodaeos,
1849 1708 2158 1780 Canteros,
2178 1709 2480 1788 Cujacios‚

272 1801 531 1873 Bonas,
575 1801 880 1881 Egnatius,
925 1803 1217 1873 Erasmos,
1263 1802 1510 1875 Flavios,
1557 1800 1845 1873 Floridos,
1887 1804 2206 1882 Gyraldos,
2250 1807 2482 1883 Junios,

271 1898 629 1977 leopardos,
677 1898 928 1978 Lipsius,
959 1899 1235 1970 Loenses,
1267 1897 1517 1977 Magios,
1562 1897 1853 1970 Muretos,
1882 1898 2239 1973 Parrhasios,
2280 1902 2485 1964 Politi-

267 2013 434 2066 anos,
482 1995 862 2066 Bamiresios,
913 1993 1298 2072 Rhodiginos,
1345 1993 1683 2065 Turnebos,
1733 1993 2042 2064 Victorios,
2088 2007 2148 2056 et
2197 1997 2483 2077 plurimos

272 2090 412 2151 alios
458 2092 585 2152 VV.
614 2091 998 2153 doctissimos
1035 2092 1256 2166 laudet,
1300 2109 1550 2170 quorum
1590 2090 1727 2151 loca
1759 2092 2095 2154 juvenalem
2135 2093 2487 2159 illustrantia

275 2207 479 2269 magna
521 2208 665 2248 cum
707 2187 831 2248 fide
874 2189 1228 2267 frequentat.
1312 2186 1426 2248 Sed
1469 2186 1773 2247 audiamus
1816 2187 2048 2266 ipsum:
2106 2191 2338 2264 ‘Cum,'
2377 2193 2479 2268 ait,

276 2292 381 2345 ‘ex
420 2286 631 2346 multis
672 2285 895 2345 nullum
925 2285 1247 2363 juvenibus
1274 2284 1558 2345 Juvenale
1599 2292 1799 2344 nostro
1826 2294 1951 2345 tum
1994 2285 2191 2346 curvis
2219 2288 2481 2351 moribus

271 2382 653 2461 corrigendis,
694 2392 820 2442 tum
850 2381 1027 2442 rectis
1066 2380 1455 2452 instituendis,
1496 2381 1682 2461 magis
1718 2380 1914 2450 utilem
1957 2391 2164 2442 nactus
2204 2383 2480 2458 fuissem3

272 2480 557 2539 attentius
575 2480 751 2541 solito
771 2478 918 2557 legi:
952 2498 1202 2557 cumque
1223 2476 1655 2556 perobscurior,
1678 2497 1857 2555 quam
1877 2477 2019 2536 mihi
2038 2497 2484 2557 proposueram,
2563 2477 2582 2490 “

272 2574 483 2654 tegenti
527 2577 905 2648 occurrisset,
959 2594 1076 2634 non
1127 2585 1324 2634 tamen
1372 2573 1598 2645 destiti,
1647 2573 1751 2633 sed
1793 2592 1867 2634 eo
1913 2574 2190 2634 attentius
2229 2584 2292 2635 et
2344 2597 2484 2639 cum

274 2672 484 2751 majori
511 2693 661 2733 cura
695 2672 851 2732 volvi
878 2672 1108 2741 iterum,
1149 2672 1477 2749 iterumque
1504 2669 1748 2742 revolvi,
1785 2670 2102 2750 aliquando
2130 2672 2340 2745 solnm,
2383 2673 2489 2734 ali-

277 2769 518 2848 qnando
561 2769 1029 2841 Commentariis,
1074 2778 1141 2828 nt
1167 2770 1395 2847 pannis,
1439 2768 1785 2841 involutum,
1828 2769 2046 2847 quibus
2074 2760 2487 2848 comparandis

276 2866 422 2924 nulli
458 2864 759 2944 impensae,
805 2866 949 2926 nulli
984 2866 1169 2926 labori
1214 2866 1490 2946 peperci;
1534 2866 1616 2926 ita
1658 2875 1724 2949 ut
1764 2866 1960 2944 plures
1990 2867 2140 2927 Mss.
2184 2876 2246 2928 et
2280 2887 2483 2929 omnes

278 2963 730 3023 commentarios
758 2964 1142 3032 diversorum,
1184 2965 1288 3041 qui
1318 2964 1563 3024 diversis
1591 2963 1957 3042 temporibus
1989 2962 2049 3022 in
2078 2964 2488 3026 hunc‘Aucto·

276 3079 394 3120 rem
436 3062 817 3139 scripserunt,
861 3060 1109 3122 triennio
1150 3079 1327 3139 quam
1368 3059 1804 3137 diligentissime
1847 3059 2243 3138 undequaque
2280 3059 2486 3139 exqui-

274 3157 544 3226 siverim:
585 3178 661 3217 ex
688 3158 927 3236 quibus,
964 3166 1026 3218 et
1055 3157 1176 3218 fere
1217 3178 1295 3217 ox
1332 3156 1605 3217 ominibus
1632 3155 1850 3229 Poetis,
1896 3156 2226 3229 Historicis,
2269 3158 2486 3219 Orato-

272 3253 457 3326 ribus,
506 3253 896 3332 Philosophis,
940 3274 1074 3332 qum
1100 3253 1179 3314 ad
1219 3254 1367 3314 tanti
1395 3252 1671 3314 Auctoris
1709 3244 2177 3332 explanationem
2202 3252 2485 3326 facerent,

273 3351 513 3430 collegi,
545 3351 663 3410 sive
690 3349 768 3410 ad
797 3371 887 3422 ea,
917 3371 1051 3430 qum
1074 3352 1372 3413 historiam
1395 3360 1662 3430 tangunt,
1694 3351 1990 3431 respicias,
2016 3351 2131 3411 sive
2150 3350 2224 3411 ad
2256 3369 2483 3411 morum

269 3462 331 3513 et
383 3450 705 3511 verborum
759 3449 1111 3527 puritatem:
1171 3469 1375 3509 omnes
1424 3449 1688 3520 laudans,
1747 3448 2035 3509 neminem
2082 3447 2323 3522 laedens,
2376 3447 2489 3508 nisi

272 3548 451 3629 cnjus
475 3567 642 3609 error
665 3556 770 3606 aut
799 3547 1026 3608 inscitia
1054 3547 1228 3625 plane
1257 3546 1333 3606 sit
1363 3544 1784 3605 intolerabilis!
1802 3546 1820 3572 ’

1293 3640 1470 3703 1616.

353 3746 388 3778 ⁸
428 3741 718 3820 Stephani
746 3757 842 3801 xv,
914 3740 1271 3820 Rigaltiivu.
1340 3745 1427 3816 (u.
1469 3740 1598 3811 ¹70.)
1668 3738 1758 3799 D.
1785 3737 1962 3798 Junii
1987 3737 2294 3798 Juvenum
2331 3736 2489 3799 Satn·-

272 3858 480 3899 mrms
535 3837 718 3899 Libri
766 3854 827 3898 V.
899 3836 1180 3918 thpt’cs’ae
1234 3838 1458 3898 Satira.
1542 3839 1712 3896 Nova
1768 3834 1999 3906 Editio,
2053 3853 2197 3895 cura
2252 3835 2490 3897 Nicolm‘

280 3934 927 4016 Rigauia.1.utetiae‚
951 3954 1020 3994 ex
1048 3932 1282 4015 qfficina
1314 3929 1465 3995 Rob.
1499 3931 1789 4012 Stephani
1818 3941 2069 3992 ιιι-8.
2105 3931 2278 3993 1616.

355 4030 560 4092 Editio
588 4030 719 4091 hoec
745 4050 903 4090 nova
929 4039 1137 4091 utrum·
1155 4050 1187 4089 a
1217 4030 1411 4109 priore
1438 4048 1492 4090 a.
1527 4028 1701 4091 1613.
1730 4027 1979 4100 differat,
2020 4049 2128 4090 nec
2156 4048 2249 4101 ne,
2292 4028 2490 4088 dicere

277 4146 399 4187 non
423 4127 639 4188 habeo.
720 4128 1203 4189 Classica-autem
1232 4136 1343 4200 est,
1382 4135 1444 4187 et
1472 4125 1866 4206 superioribus
1904 4125 2275 4205 praeserenda
2298 4122 2491 4184 omni-

279 4225 391 4287 bus
413 4222 744 4288 emendata
765 4244 1042 4307 saumque
1062 4225 1336 4289 lectionis
1357 4225 1590 4286 nomine
1610 4246 1627 4297 ;
1672 4223 1921 4312 simplici
1948 4243 2186 4304 quoque
2205 4216 2492 4298 elegantia
