3050 4913
1122 403 1373 456 PBRsn

393 551 458 598 18
490 546 759 611 Dicet-oper,
779 544 883 609 qm]
925 546 1117 596 Sensus
1140 552 1249 595 est:
1276 547 1387 610 Ego

326 624 536 690 quidem
581 624 657 672 ita
703 623 834 685 vivo,
885 634 982 672 nee
1025 629 1207 672 contra
1250 621 1388 683 dico,

326 700 448 764 quin
472 699 558 748 alii
581 699 735 748 aliter
766 700 962 760 vivant,
997 706 1051 749 et
1083 699 1159 748 illi
1183 699 1389 763 quidem

326 775 648 838 discrepent,
663 782 716 824 et
729 775 1015 825 dissideant
1027 776 1244 826 abhisee
1260 776 1390 824 meis

323 852 575 902 moribus.
663 853 758 900 Est
802 858 975 901 antem
1019 851 1390 901 concessio.—

329 926 573 988 Geminos,
591 926 695 989 ξω]
730 927 777 975 Ο
804 927 1129 990 Horoseope‚
1149 927 1236 990 qui
1259 940 1389 975 nnus

326 1008 385 1050 et
406 1002 543 1051 idem
567 1016 643 1063 es,
668 1007 838 1051 tamen
862 1001 1102 1065 producis
1135 1002 1186 1050 in
1221 1002 1388 1051 lucem

327 1078 562 1142 geminos
606 1077 802 1126 eisdem
843 1078 1168 1142 parentibus,
1206 1077 1386 1127 eodem

330 1160 568 1215 tempore
608 1160 763 1214 satos,
791 1160 846 1202 et
883 1160 1050 1216 natos,
1080 1154 1220 1202 vario
1249 1154 1388 1217 inge·

326 1229 434 1291 nio,
464 1229 794 1278 dissimilibus
819 1229 1016 1290 studiis,
1051 1229 1266 1278 diversis
1288 1243 1389 1277 mo-

327 1304 847 1369 ribus.—-Heroocope]
871 1304 1007 1354 Illud
1020 1305 1266 1367 temporis
1282 1319 1388 1353 mo·

325 1388 557 1430 mentum
582 1388 683 1442 est,
716 1382 851 1431 intra
890 1380 1026 1443 qnod
1062 1381 1275 1446 quisque
1300 1395 1388 1430 na-

327 1457 524 1507 scitur:
575 1458 720 1523 quasi
768 1458 1013 1520 temporis
1049 1458 1390 1522 inspectio.—

334 1533 486 1596 Vm]
533 1534 710 1596 Vario,
761 1534 1011 1597 dissimili,
1064 1534 1390 1585 dissentienti

326 1608 556 1673 ingenio.
593 1609 767 1659 lubia.

396 1687 460 1733 1⁹
498 1685 751 1747 producis]
806 1684 868 1733 In
909 1686 1074 1735 lucem
1128 1701 1193 1736 ex
1239 1692 1389 1735 utero

326 1765 566 1810 materno
587 1758 801 1824 profers.
868 1761 1063 1809 Contra
1081 1761 1255 1824 alogos
1276 1761 1390 1809 illos

325 1835 634 1898 astrologos,
676 1836 764 1899 qui
804 1842 990 1900 putant
1033 1836 1215 1886 eodem
1266 1843 1391 1886 tem-

325 1927 476 1976 pore,
500 1919 556 1962 et
574 1914 670 1963 sub
693 1914 875 1963 eadem
900 1915 1289 1965 constellatione
1306 1929 1391 1963 ua-

326 1997 411 2040 tos
451 1991 688 2042 similiter
730 2006 845 2042 esse
902 1991 1393 2056 οὔθασι-δαίς,

326 2067 437 2130 ζα]
485 2068 615 2117 Inde
648 2067 727 2130 fit,
749 2076 808 2117 ut
830 2070 965 2118 inter
984 2070 1213 2133 geminos
1237 2071 1391 2120 etiam

325 2143 464 2192 alter
483 2143 634 2202 sit,et
654 2144 961 2204 inveniatur,
986 2147 1072 2210 qni
1099 2148 1225 2195 adeo
1245 2144 1389 2196 vafre

326 2224 384 2267 et
407 2219 595 2269 callide
613 2234 731 2269 suas
754 2235 880 2284 opes
902 2220 1168 2283 adservet,
1187 2228 1244 2271 ut
1263 2222 1390 2271 alius

328 2302 563 2345 extreme
586 2297 822 2346 sordidus
837 2304 892 2347 et
912 2312 1110 2361 avarus,
1129 2300 1311 2349 misere
1334 2307 1390 2350 et

326 2372 563 2423 renuiter
618 2373 843 2436 victitet,
887 2374 1018 2422 alius
1056 2374 1248 2424 siccum
1281 2375 1391 2425 sine

328 2448 436 2499 ullo
470 2449 750 2514 liquamine
789 2451 901 2500 olns
945 2451 1215 2513 comedat;
1271 2451 1391 2500 solis

329 2532 504 2574 antem
543 2525 725 2575 diebus
770 2527 1026 2576 natalibus
1067 2522 1278 2577 lautius*
1302 2529 1392 2577 ali·

329 2608 526 2665 quanto
580 2602 753 2651 vivere
798 2603 1069 2665 sustineat,
1109 2605 1221 2653 olns
1267 2604 1391 2654 alias

326 2675 524 2724 siecum
559 2676 744 2740 tingat,
762 2683 817 2725 et
850 2685 1030 2742 ungat,
1054 2678 1208 2743 idque
1229 2679 1392 2727 muria

329 2764 521 2813 genere
539 2751 826 2815 liquaminis
852 2753 1113 2817 vilissimo,
1128 2755 1315 2819 illaque
1338 2756 1392 2804 in

328 2826 495 2875 calice
524 2834 679 2877 emta.
733 2828 905 2878 Labin.

392 2905 458 2950 20
493 2902 693 2966 fingat]
733 2905 946 2955 Leviter
984 2913 1184 2971 tangat,
1216 2914 1273 2958 et
1304 2908 1395 2957 im-

329 2977 756 3043 buat—Siccam]
799 2980 965 3043 Alias,
989 2990 1044 3032 et
1075 2984 1214 3033 nullo
1234 2991 1393 3033 uncto

327 3058 413 3106 vel
435 3057 712 3122 liquamine
745 3060 1274 3125 imbutum—Maria]
1308 3061 1393 3112 Li·

324 3132 581 3197 quaminis
605 3148 767 3196 genus
810 3135 1123 3197 vilissimum,
1146 3137 1284 3201 quod
1324 3150 1391 3186 ex

327 3210 640 3273 thynnorum
659 3210 780 3259 tabe
809 3210 1201 3275 conficiebatur,
1223 3219 1283 3261 ut
1306 3227 1392 3277 ga·

331 3300 444 3335 ram
469 3300 535 3334 ex
554 3285 924 3337 scombrornm.
979 3289 1073 3337 Est
1086 3289 1244 3338 etiam
1260 3303 1394 3354 aqua

326 3362 466 3411 salsa
488 3363 542 3411 in
575 3377 677 3427 qua
715 3363 910 3428 aliquid
945 3362 1046 3414 fuit
1075 3371 1391 3415 maceratum

325 3445 420 3488 ant
462 3441 882 3503 servatum—In,
919 3440 1025 3504 ξω]
1083 3440 1147 3490 Id
1186 3448 1290 3504 est,
1329 3442 1393 3491 In

330 3514 527 3577 exiguo
552 3516 760 3566 vasculo
778 3531 953 3580 parce,
982 3532 1048 3567 ne
1078 3516 1259 3567 diebus
1283 3532 1396 3582 pro-

326 3588 485 3640 festis
503 3591 696 3656 aliquid
716 3594 959 3656 supersit.
1031 3594 1204 3643 Mutia
1221 3584 1394 3644 autem

327 3677 389 3717 et
413 3668 597 3717 similia
615 3668 666 3718 in
692 3672 856 3721 calice
877 3686 1067 3736 emere,
1099 3673 1255 3722 moris
1278 3672 1395 3724 fuit.

327 3743 505 3793 Lubin.

392 3825 454 3869 21
506 3822 629 3885 Ipse,
648 3821 754 3886 ξω]
772 3869 778 3873 ,
795 3823 856 3871 Id
880 3832 976 3886 est,
1017 3824 1166 3874 Adeo
1188 3841 1395 3891 avarus,

320 3902 384 3946 et
403 3895 658 3958 sordidus,
678 3904 734 3946 ut
758 3899 905 3961 piper
921 3907 1163 3964 tanquam
1188 3915 1293 3952 rem
1316 3918 1394 3953 sa-

321 3985 473 4022 cram
511 3977 568 4021 et
603 3973 897 4036 religiosam
937 3975 1248 4042 minimeque
1287 3985 1397 4027 tan-

325 4048 574 4114 gendam,
596 4063 753 4112 parce
776 4049 1069 4115 admodum,
1091 4060 1146 4101 et
1178 4054 1397 4103 minuta-

328 4124 420 4173 tim
447 4124 639 4187 patinoe
665 4123 902 4186 instillet,
923 4133 979 4175 at
1015 4128 1157 4191 quasi
1191 4129 1394 4178 irroret.

320 4198 527 4263 —IpseJ
540 4198 790 4261 Ἔμφοισισ.
829 4199 959 4249 Aliis
977 4202 1112 4251 enim
1151 4203 1262 4254 haec
1295 4219 1396 4254 non

320 4274 805 4337 concredit.-—Hic,
822 4276 929 4339 ξω]
951 4278 1257 4343 Exemplum
1281 4295 1398 4343 pro·

328 4351 457 4419 digi.
524 4350 602 4404 At
621 4352 708 4402 liic
730 4351 877 4419 alius,
901 4355 983 4404 vel
1014 4356 1149 4406 alter
1176 4371 1306 4421 puer
1331 4371 1400 4408 ex

2397 387 2529 454 277

1467 545 1682 610 geminIs
1694 550 1936 609 tanquam
1946 544 2272 608 magnanimus
2281 544 2532 595 bonorum

1465 637 1671 671 suornm
1691 636 1971 685 possessor,
1978 622 2183 684 grandia
2197 621 2331 682 bonu,
2353 622 2529 684 ingen·

1468 705 1548 748 tes
1568 712 1710 761 opes,
1732 700 1886 760 deute,
1904 699 2040 761 gula,
2053 698 2260 762 perag-it,
2277 697 2530 761 dilapidat

1465 780 1521 823 et
1546 773 1779 822 absumit.
1818 773 1967 823 Idem.

1529 853 1594 898 22
1637 848 1997 912 magns-imus]
2028 848 2191 898 Avari
2215 848 2350 898 enim
2375 848 2532 911 pusil-

1465 925 1699 984 lanimes,
1740 933 1798 974 ut
1832 925 1916 989 qni
1960 924 2267 986 habeantur,
2307 938 2409 972 non
2447 925 2536 973 ha·

1467 999 1625 1049 beant
1647 999 1874 1050 dlvitias.
1896 1001 2291 1064 Lubiu.—-Puer]
2316 999 2418 1049 Hic
2437 1014 2531 1064 pro

1464 1078 1655 1139 stulto,
1676 1090 1776 1125 non
1809 1084 1985 1137 aetate,
2022 1076 2114 1126 sed
2154 1075 2399 1126 moribus.
2441 1077 2536 1126 Cu·

1462 1152 1812 1214 soah—Utar,
1834 1153 1938 1216 ξω]
1977 1151 2038 1201 ld
2072 1158 2170 1213 est,
2208 1153 2323 1215 Ego
2358 1155 2532 1201 autem

1465 1236 1648 1279 contra
1685 1237 1805 1278 utar
1842 1229 1969 1278 meis
2009 1228 2362 1288 facultatibus,
2399 1234 2535 1292 utar,

1465 1307 1692 1370 inquam,
1714 1305 1850 1366 illis;
1887 1305 1976 1354 sed
2011 1311 2184 1354 tamen
2216 1304 2292 1353 ita
2329 1317 2396 1352 ne
2433 1303 2534 1352 illis

1465 1380 1668 1444 abutar,
1689 1387 1745 1430 et
1770 1381 1820 1429 in
1844 1382 2063 1431 luxuriae
2082 1381 2266 1429 vitium
2282 1379 2529 1441 incidam,

1466 1471 1564 1506 nee
1587 1456 1734 1505 nimis
1757 1457 1925 1505 lautus
1946 1464 2002 1507 et
2039 1456 2293 1505 delicatus
2331 1454 2534 1504 libertis

1465 1533 1595 1581 meis
1615 1540 1671 1581 et
1692 1533 1868 1595 servis,
1897 1532 2150 1591 rhombos,
2184 1538 2240 1581 et
2270 1531 2532 1596 preciosos

1467 1612 1634 1675 pisces
1667 1627 1763 1677 per
1784 1620 2069 1662 extremam
2097 1611 2349 1661 luxuriam
2374 1624 2533 1674 appo-

1463 1702 1600 1737 nam.

1521 1770 1589 1815 2⁸
1617 1765 1820 1828 Lautus]
1870 1765 2120 1814 Liberalis
2152 1764 2319 1825 nimis,
2344 1762 2536 1813 delica-

1464 1847 1566 1904 tus,
1588 1841 1853 1905 prodigus.
1876 1840 2376 1903 nubam—nm}
2416 1839 2532 1889 Pis-

1464 1915 1540 1964 cis
1562 1916 1701 1978 plani
1724 1931 1901 1979 genus,
1925 1917 2103 1965 Roma:
2127 1916 2244 1964 olim
2264 1915 2314 1962 in
2333 1914 2529 1964 delitiis

1461 1991 1686 2042 habitus.
1734 1993 1839 2041 Een
1874 1989 2338 2054 Tmen—Ponere]
2376 1991 2437 2041 In
2459 1991 2534 2040 ci·

1466 2068 1585 2117 bum
1606 2081 1886 2131 apponere.

1529 2148 1592 2194 24
1629 2144 1909 2207 Naurum,
1931 2144 2038 2208 qa]
2077 2143 2404 2206 Cognoscere
2425 2147 2533 2193 tur·

1464 2218 1647 2268 dorum
1672 2234 1902 2283 sapores.
1956 2219 2139 2269 Solent
2164 2218 2300 2267 enim
2325 2216 2535 2283 quidam

1465 2296 1600 2360 gulae
1625 2295 1812 2357 dediti,
1836 2302 1994 2345 tantae
2016 2293 2324 2348 subtilitatis
2345 2293 2535 2345 habere

1465 2372 1711 2435 palatum,
1736 2378 1792 2421 nt
1812 2361 2324 2434 dignoscanftnrdos,
2341 2385 2405 2422 an
2429 2371 2532 2420 cel-

1464 2449 1632 2509 lanus,
1655 2463 1718 2496 an
1744 2448 1993 2497 terrarius
2028 2447 2097 2497 sit
2118 2464 2130 2496 :
2172 2463 2236 2496 an
2257 2448 2537 2511 masculus,
2560 2484 2561 2487 η

1464 2538 1530 2572 an
1553 2522 1779 2573 foemina.
1838 2524 2126 2574 Turdorum
2151 2524 2285 2575 dixit
2306 2524 2535 2591 abusive,

1466 2614 1585 2650 cum
1605 2599 1870 2649 turdorum
1909 2598 2178 2661 debuerat,
2202 2606 2261 2649 ut
2283 2599 2534 2649 Horatius

1467 2677 1641 2740 ponit:
1681 2677 1698 2704 ‘
1723 2675 1866 2724 Pene
1884 2689 2102 2737 macros,
2113 2676 2255 2737 arsit,
2277 2675 2397 2724 dum
2425 2684 2533 2724 tur·

1466 2752 1563 2801 dos
1593 2760 1767 2801 versat
1802 2752 1853 2801 in
1892 2751 2036 2815 igni!
2087 2753 2193 2802 Vct.
2228 2752 2534 2815 Sela—Nec,

1464 2828 1570 2893 ξιτ]
1608 2829 1673 2879 Id
1698 2837 1800 2891 est,
1831 2830 1946 2878 Nec
1968 2842 2109 2878 more
2135 2836 2371 2878 extreme
2403 2827 2534 2877 deli-

1466 2913 1699 2955 catorum
1718 2913 1775 2955 et
1795 2905 2175 2955 luxuriosorum
2209 2905 2415 2954 nimium
2452 2918 2533 2954 so·

1437 393 1601 453 sar.
1634 404 1739 453 vr.

1467 2982 1573 3032 lers
1596 2984 1710 3046 sim,
1727 2990 1783 3032 et
1800 2983 2004 3032 subtilis
2026 2997 2143 3033 meo
2166 2984 2358 3046 palato,
2375 2990 2435 3034 ut
2457 2998 2537 3032 sa-

1467 3061 1624 3110 livam
1641 3067 1867 3122 tenuem,
1883 3068 1940 3110 et
1957 3075 2190 3125 saporem
2209 3060 2416 3110 minimo
2430 3061 2535 3110 dis-

1466 3137 1679 3186 crimine
1701 3137 1981 3186 distantem
2004 3137 2268 3188 turdorum
2275 3138 2532 3203 juniperis

1469 3222 1753 3278 pastorum,
1789 3222 1847 3263 et
1879 3215 2090 3263 aliorum
2130 3215 2319 3279 possim
2356 3215 2536 3279 digno·

1467 3305 1633 3354 scere,
1666 3298 1722 3340 et
1761 3290 2075 3340 discernere.
2162 3291 2313 3339 Dixit
2357 3300 2533 3339 autem

1466 3369 1712 3417 mannam
1741 3367 1951 3416 abusive
1978 3382 2071 3431 pro
2093 3366 2393 3416 Turdorum.
2435 3366 2532 3415 Iu·

1465 3444 1698 3493 binam—
1715 3443 1947 3506 Salicem]
1997 3442 2208 3492 Salienus
2244 3456 2338 3505 pro
2378 3448 2533 3504 gustu

1468 3526 1686 3585 ponunt.
1751 3520 1890 3569 Hinc
1911 3520 2109 3569 salivam
2140 3531 2321 3566 movere
2357 3515 2533 3565 Latini

1467 3595 1666 3655 dicunt,
1684 3610 1801 3661 quae
1827 3601 2028 3657 gustum
2051 3594 2284 3642 excitant
2298 3599 2355 3641 et
2373 3592 2537 3656 prori-

1468 3677 1600 3721 tant.
1632 3671 1833 3720 Salmas.
1867 3664 2533 3729 strueb.xxx.⁷.—Solers,

1465 3747 1574 3812 ξω]
1603 3749 1672 3797 Et
1704 3747 1926 3794 maxima
1947 3744 2162 3795 solertia
2183 3743 2532 3794 internoscam

1461 3831 1521 3874 et
1540 3824 1847 3874 discernam.
1880 3821 2053 3871 labin.

1532 3904 1593 3948 25
1640 3898 1937 3962 Mamm-,J
2003 3897 2067 3947 ld
2107 3902 2206 3960 est,
2243 3895 2534 3947 Faciendns

1468 3983 1552 4025 est
1571 3980 1769 4024 sumtus
1795 3988 1889 4038 pro
1911 3974 2111 4023 ratione
2134 3972 2459 4034 facultatum,
2477 3982 2534 4023 et

1461 4056 1666 4100 sumtus
1689 4063 1851 4099 messe
1871 4049 2084 4113 propria
2106 4049 2189 4098 vel
2212 4050 2395 4098 annuis
2418 4063 2534 4111 pro-

1469 4127 1695 4192 priorum
1713 4140 1949 4189 agrorum
1973 4125 2305 4189 proventibus
2322 4124 2535 4173 metien-

1469 4206 1524 4255 di
1566 4212 1702 4255 sunt.
1744 4204 1914 4254 Labin.
1989 4204 2156 4253 Vivere
2193 4216 2336 4251 messe
2372 4206 2535 4259 tesan

1471 4282 1600 4331 nihil
1639 4283 1915 4347 quiequam
1959 4280 2025 4329 de
2069 4279 2240 4329 reditu
2278 4277 2533 4343 reliquum

1470 4358 1681 4424 facere;
1733 4359 1791 4410 id
1833 4365 1934 4424 est,
1972 4364 2146 4419 tenan-
2189 4362 2354 4408 totum
2396 4355 2533 4406 enim
