3050 4913
503 367 595 430 44

1311 375 1386 425 A.
1433 373 1680 422 Pssnsn
1731 372 1995 423 mamm

516 521 730 589 Euion
757 518 1102 609 ingeminum
1130 543 1149 581 .·
1191 519 1563 604 reparabilis
1585 529 1830 588 assonat
1859 516 2058 582 Echo.

512 628 695 691 Haec
725 626 976 704 fierent,
1008 627 1064 689 si
1094 627 1384 689 testiculi
1417 644 1585 688 vena
1610 625 1747 688 ulla
1778 623 2032 707 paterni

508 727 782 793 Viveret
810 729 876 790 in
909 727 1100 790 nobis
1118 729 1147 789 ‘l
1197 747 1456 790 summa
1484 727 1784 791 delumbe
1815 727 2029 791 saliva

512 829 673 893 Hoc
701 834 882 893 natat
910 830 979 891 in
1007 830 1236 907 labris,
1267 835 1333 892 et
1360 831 1429 891 in
1456 829 1588 893 udo
1617 835 1718 892 est
1747 828 2010 893 Maeuas
2034 835 2102 893 et
2130 828 2357 896 Attin:

2593 825 2727 893 106

517 930 667 994 Nec
696 931 988 1013 pluteum
1020 932 1238 1010 caedit,
1267 951 1387 994 nec
1417 930 1760 994 demorsos
1790 932 1968 1013 sapit
1997 950 2272 1013 uugueS.

505 1109 666 1161 baculo
698 1112 954 1176 petulanti,

506 1177 646 1225 evoe.-
677 1183 862 1226 resonat
890 1178 1018 1226 Echo
1038 1184 1252 1240 repetens
1272 1191 1418 1225 voces.

998 1118 1043 1162 et
1086 1113 1270 1161 Mamm
1305 1113 1487 1174 lyncem
1524 1110 1829 1159 incurvatum
1865 1109 2145 1158 hederarum
2182 1110 2305 1173 uois,
2321 1109 2493 1173 εωρὶιιι
2528 1110 2725 1170 clamat,

1485 1174 1574 1224 An
1602 1176 1720 1223 talia
1741 1174 1962 1223 earmina
1992 1176 2316 1235 conderentur,
2345 1176 2389 1222 si
2422 1175 2472 1222 in

2653 1176 2726 1221 ui-

503 1246 642 1354 {emt
670 1256 783 1305 pars
803 1243 958 1305 aliqua
978 1242 1177 1291 virtutis
1197 1242 1453 1301 majorum.
1439 1237 1463 1275 '²
1515 1241 1644 1288 Illud
1666 1238 1990 1287 nihilominus
2022 1253 2230 1287 carmen
2254 1254 2416 1288 enerve
2438 1238 2599 1302 fluit'
2581 1252 2634 1287 tn
2655 1240 2726 1291 lu·

567 1306 647 1354 uia
663 1311 875 1356 exerente
894 1307 1077 1362 nauta,-
1123 1310 1172 1354 et
1195 1306 1380 1355 Mamas
1401 1308 1450 1353 et
1469 1303 1650 1353 Attin
1631 1319 1682 1352 tn
1704 1303 1895 1352 humido
1917 1308 2023 1351 est.-
2075 1318 2222 1367 aeque
2234 1303 2443 1369 pereutit
2464 1303 2725 1366 pulpitum,

1440 1441 1796 1463 OOCW'

514 1547 684 1596 loeum
717 1544 791 1596 sic
813 1545 917 1610 legi
939 1563 953 1595 ι
999 1545 1194 1595 &mma
1214 1544 1423 1598 delumbe
1442 1544 1592 1593 ulio«
1627 1545 1734 1594 Hoc
1750 1548 1889 1593 ndat
1906 1544 1956 1594 in
1980 1543 2328 1604 labo-iustine,-

2376 1548 2426 1593 ει
2461 1543 2650 1593 Maenar
2677 1542 2728 1593 et

1512 1676 1725 1726 NOTAE

511 1789 612 1838 sari
643 1796 786 1839 veste
810 1789 981 1851 talari,
1005 1805 1106 1855 qua
1130 1788 1217 1839 ille
1253 1790 1580 1842 induebatur.

514 1862 634 1915 Non
652 1868 824 1930 placet
844 1867 1155 1932 etymologia
1168 1866 1261 1914 ὰπὸ
1272 1869 1367 1914 τῶν
1387 1865 1582 1925 βῆσσαν

516 1957 547 1991 a
570 1943 789 1992 vallibus
826 1952 881 1993 et
921 1943 1134 1992 saltibus
1159 1944 1207 1991 iu
1236 1942 1419 2007 quibus
1458 1943 1581 1992 bac-

515 2018 806 2067 chabantur
827 2036 841 2079 ;
893 2034 989 2067 nec
1014 2018 1107 2066 ὰπὸ
1126 2020 1212 2066 τοῦ
1232 2017 1418 2081 βάζειν,
1441 2018 1581 2084 quod

518 2100 601 2142 est
624 2092 761 2158 loqui
786 2108 877 2141 seu
899 2095 1192 2147 vociferari.

580 2168 810 2232 Lyncem]
845 2169 1026 2233 Lynces
1045 2184 1250 2219 currum
1272 2170 1462 2219 Bacchi
1482 2176 1583 2220 tra-

512 2245 663 2305 hunt,
702 2245 833 2293 sicut
868 2253 922 2294 et
962 2246 1140 2311 tigres,
1175 2249 1436 2297 maculosa
1476 2248 1583 2299 ani-

514 2320 686 2382 malia,
708 2326 761 2369 et
786 2321 949 2370 varios
972 2321 1077 2370 vini
1102 2321 1323 2372 effectus
1347 2323 1582 2387 apprime

518 2394 877 2459 significantia.
955 2398 1042 2445 De
1063 2398 1172 2446 istis
1197 2398 1312 2447 vide
1337 2399 1472 2449 Plin.
1496 2399 1583 2449 lib.

519 2485 642 2522 vm.
683 2471 748 2521 de
788 2473 998 2539 tigride,
1035 2489 1150 2560 cap.
1185 2480 1264 2524 18.
1306 2475 1370 2526 de
1409 2477 1586 2541 lynce,

520 2563 651 2613 cap.
663 2553 745 2600 88.

587 2626 798 2690 Menos]
829 2625 946 2674 Ἀπὸ
967 2628 1054 2675 τοῦ
1073 2624 1335 2691 μαίνεσθαι,
1348 2627 1483 2696 quod
1504 2635 1587 2678 est

518 2700 714 2765 furere,
731 2703 783 2751 Μ
791 2703 996 2752 aenades
1015 2704 1290 2767 appellata
1314 2710 1435 2754 sunt
1452 2705 1586 2753 Bac-

523 2778 756 2829 citantes.

532 2865 535 2868 ’
590 2853 859 2918 corymbis]
927 2854 1187 2918 Corymbus
1241 2862 1322 2905 est
1373 2856 1584 2908 hederae

524 2930 745 2982 fructus.
831 2930 935 2983 Hic
969 2931 1200 2997 intellige
1225 2933 1305 2981 vel
1337 2934 1532 2997 virgam
1557 2948 1587 2983 e

524 3005 721 3069 thyrso,
755 3007 839 3055 vel
878 3006 1093 3057 fraenum
1133 3009 1337 3058 hederis
1380 3009 1588 3059 intortis

525 3088 783 3134 ornatum.
851 3083 1077 3133 Hederae
1119 3098 1242 3133 vero
1277 3084 1485 3134 Baccho
1510 3101 1588 3134 sa-

525 3171 645 3220 crae,
668 3157 789 3222 qula
824 3165 1092 3208 revertens
1133 3158 1201 3208 ab
1240 3159 1388 3208 India
1425 3160 1590 3210 victor

522 3232 601 3281 his
625 3247 736 3281 sese
758 3234 1043 3284 coronavit.

591 3313 685 3360 102
722 3309 900 3375 Euion]
950 3311 1099 3359 Euius
1131 3310 1323 3360 dicitur
1347 3311 1587 3360 Bacchus

524 3386 609 3436 vel
657 3399 687 3434 a
732 3400 857 3436 voce
908 3387 1280 3436 Bacchantiuiu
1325 3386 1452 3436 εὖοΐε
1504 3388 1589 3435 vel

525 3462 661 3526 quod
688 3462 754 3512 ob
778 3477 859 3512 res
883 3463 1125 3513 adversus
1159 3464 1411 3527 Gigantes
1444 3462 1593 3513 forti-

525 3546 609 3587 ter
647 3545 837 3604 gestas,
872 3540 1106 3589 laudatus
1147 3547 1229 3590 est
1268 3557 1299 3590 a
1336 3542 1470 3592 Jove
1514 3539 1594 3590 his

525 3615 693 3663 verbis
716 3634 729 3677 3
763 3612 816 3663 εὖ
838 3614 924 3679 υἱὲ,
944 3632 1078 3680 euge,
1101 3616 1207 3683 fili.
1276 3618 1464 3669 Horat.
1489 3617 1593 3668 od.

525 3702 591 3739 ιι.
617 3695 697 3740 19.

597 3766 916 3831 Reparabitis]
983 3770 1111 3821 Quae
1139 3785 1291 3820 voces
1317 3777 1593 3837 pereuntes

529 3851 740 3906 reparat
762 3844 1064 3908 repetendo.

600 3917 751 3979 Echo]
810 3920 971 3969 Dicta
1002 3920 1095 3972 &nb
1127 3922 1214 3971 τοῦ
1238 3923 1393 3986 ἠχεῖν,
1411 3938 1602 3973 sonare:

531 3993 709 4042 Fuisse
733 3994 954 4057 puellam
978 3995 1045 4044 ob
1064 3998 1415 4061 garrulitatem
1434 3998 1488 4047 in
1509 4013 1598 4047 vo·

532 4083 645 4119 cem
681 4086 709 4120 a
745 4071 952 4121 Junone
994 4081 1245 4124 mutatam
1280 4073 1596 4125 fabulantur.

532 4146 672 4196 Quid
714 4161 894 4196 revera
935 4148 1005 4198 sit
1042 4149 1190 4212 Echi),
1240 4151 1469 4218 explicat
1520 4151 1598 4199 di·

531 4230 672 4274 serte
694 4224 832 4275 Plln.
858 4238 922 4274 ir.
945 4229 1025 4276 40.
1047 4232 1103 4276 et
1126 4238 1328 4276 xxxvr.
1356 4231 1434 4277 15.
1501 4227 1599 4276 Le-

1662 1804 1726 1853 ge
1750 1796 1806 1839 et
1828 1790 1986 1840 Ovid.
2010 1790 2224 1842 Metam.
2249 1805 2333 1840 m.
2360 1796 2409 1843 6.
2433 1797 2489 1840 et
2510 1788 2727 1839 Ausonii

1661 1866 1993 1929 Epigramma
2015 1866 2358 1916 undecimum.

1727 1945 1820 1989 103
1861 1941 2106 2003 Tertia-uli]
2172 1942 2410 2005 Metaph.
2450 1941 2604 2004 paulo
2641 1955 2730 1989 au-

1662 2017 1839 2067 dacior
1859 2024 1912 2066 et
1933 2018 2240 2068 obseoenior.
2309 2017 2373 2066 Id
2396 2027 2494 2078 est,
2510 2017 2552 2065 si
2575 2017 2734 2071 virili-

1662 2094 1783 2142 tatis
1808 2093 2033 2158 autiquae
2052 2101 2105 2143 et
2131 2094 2336 2143 virtutis
2359 2108 2419 2142 ac
2444 2093 2730 2157 diligentiae

1662 2170 1916 2232 majorum
1973 2178 2261 2219 nostrorum
2309 2169 2583 2232 vestigium
2637 2170 2731 2221 ali-

1665 2244 1800 2308 quod
1847 2245 1899 2293 in
1947 2244 2095 2293 nobis
2144 2251 2457 2308 superesset.
2543 2245 2734 2294 Horat.

1668 2320 1834 2384 Epod.
1874 2326 1953 2372 15.
2002 2327 2018 2349 ⁶
2055 2321 2108 2370 Si
2151 2310 2366 2386 quid‘in
2410 2322 2598 2370 Flacco
2635 2319 2735 2375 viri

1666 2394 1785 2444 est.'

1733 2475 1827 2520 104
1865 2472 2117 2535 Delumbe]
2166 2473 2228 2523 Id
2255 2479 2352 2536 est,
2389 2474 2496 2523 sine
2529 2474 2736 2540 lumbis,

1665 2555 1721 2598 et
1739 2548 1848 2597 sine
1868 2549 2078 2601 viribus.
2145 2551 2280 2599 Nam
2302 2552 2352 2599 in
2376 2550 2476 2599 illis
2500 2551 2736 2615 corporis
2815 2609 2826 2618 ‚

1664 2623 1885 2672 maxime
1909 2624 2067 2672 robur
2087 2632 2323 2687 apparet.

1729 2698 1921 2747 &mma
1942 2700 2093 2749 salim
2116 2699 2274 2763 natat]
2336 2699 2598 2764 Ejusmodi
2622 2715 2737 2750 car·

1664 2787 1782 2822 men
1809 2788 1998 2823 enerve
2040 2777 2405 2839 pronuntiatur
2428 2777 2739 2840 primoribus

1664 2850 1846 2913 labris,
1869 2850 1953 2900 ubi
1981 2852 2254 2917 plurimum
2289 2853 2464 2902 saliva!
2499 2868 2615 2902 esse
2656 2869 2735 2903 so-

1666 2928 1776 2987 iet3
1813 2942 1912 2976 uon
1936 2935 2110 2978 autem
2131 2930 2266 2978 virili
2287 2931 2507 2995 quadam
2525 2945 2656 2981 voce
2680 2937 2737 2981 et

1669 3017 1733 3052 ex
1758 3004 1859 3053 imo
1878 3013 2092 3068 pectore
2116 3005 2320 3055 educta.
2387 3007 2455 3055 Et
2473 3022 2589 3055 cum
2616 3006 2741 3057 blae-

1666 3095 1740 3142 se,
1765 3082 2005 3142 molliter,
2033 3089 2208 3131 tenere
2234 3085 2629 3148 pronuntiarunt
2661 3085 2742 3134 illi

1670 3158 1951 3218 poetastri,
1974 3165 2082 3208 tum
2101 3153 2164 3209 'se
2187 3160 2417 3223 egregios
2443 3159 2738 3224 Poetaspr·

1668 3234 1943 3298 bitrantur,
1964 3235 2085 3301 quia
2124 3234 2260 3286 forte
2302 3237 2628 3288 adulatorum
2653 3252 2739 3288 ac-

1669 3311 2002 3361 clamationes
2029 3312 2231 3377 ineptas
2251 3311 2544 3362 audierunt.

1735 3392 1827 3436 105
1865 3390 1934 3436 Et
1956 3388 2008 3437 in
2033 3390 2123 3438 ado
2161 3393 2229 3438 est
2269 3389 2476 3451 Menas,
2507 3388 2616 3458 ma]
2673 3388 2738 3439 In

1671 3464 1773 3513 ndo
1820 3479 1954 3528 esse,
1996 3473 2049 3515 et
2093 3481 2290 3516 summa
2331 3467 2494 3516 saliva
2537 3474 2744 3529 natare,

1675 3538 1813 3589 idem
1851 3555 1964 3589 esse
1989 3540 2209 3590 videtur.
2278 3541 2463 3590 Potest
2486 3542 2643 3592 etiam
2668 3542 2743 3590 in-

1675 3616 1839 3679 telligi
1866 3616 2074 3664 Persius
2110 3617 2356 3682 conqueri
2395 3617 2530 3684 quod
2573 3618 2744 3669 Nero·

1672 3692 1827 3742 niana
1850 3693 2075 3740 carmina
2101 3700 2352 3756 perpetuo
2371 3694 2668 3744 habeantur
2690 3693 2744 3750 iu

1674 3783 1758 3817 ore
1781 3768 2101 3817 adulatorum
2136 3774 2192 3816 et
2227 3767 2519 3834 ineptorum
2557 3769 2744 3817 Rorna-

1674 3859 1890 3905 nornm;
1941 3843 2176 3909 adeoque
2216 3859 2421 3907 semper
2442 3844 2492 3893 in
2515 3845 2615 3894 udo
2638 3845 2745 3896 sint

1677 3929 1732 3970 et
1755 3921 1805 3969 in
1830 3921 1991 3970 saliva
2012 3928 2213 3971 natent.
2281 3921 2432 3973 Quod
2458 3922 2743 3986 simplicius

1678 4007 1760 4049 est
1799 4001 1853 4048 et
1893 3999 2054 4062 magis
2098 3999 2289 4062 placet.
2377 4000 2461 4050 De
2501 3999 2656 4063 Atty,
2690 4006 2746 4050 et

1678 4075 1918 4124 Maenade
1974 4090 2062 4123 seu
2121 4073 2362 4136 Bacchis,
2435 4075 2745 4130 Neronianis

1678 4150 2025 4214 Carminibus,
2047 4166 2165 4200 mox
2185 4151 2378 4200 dictum
2403 4158 2504 4202 est.

1745 4232 1840 4277 106
1873 4228 2118 4293 Plateam]
2159 4228 2359 4277 Platea:
2380 4224 2637 4291 significat
2660 4228 2744 4277 hie
