3050 4913
1225 419 1499 467 SA'HRA

334 568 514 624 namn,
537 557 733 611 ut‘vult
767 559 1128 613 casaubonus:
1167 560 1222 612 id
1250 569 1347 628 est,
1366 576 1399 613 o

333 641 650 707 Chrysippe,
681 641 726 691 si
748 647 898 706 potes
920 639 1275 706 praescribere,
1296 656 1401 706 qua

334 719 388 766 in
423 718 776 783 propositione
812 717 996 768 Soritis
1031 716 1398 783 quiescendum

331 794 403 843 sit
441 795 793 859 potissimum3
828 795 889 858 si,
916 794 1144 861 inquam,
1175 793 1226 844 id
1260 795 1399 844 inve·

333 870 494 935 neris,
510 877 566 920 et
584 869 739 920 finem
762 879 962 923 certum
986 871 1199 923 infinite
1214 886 1401 936 propo-

333 947 577 997 sitionum
600 947 860 1010 congeriei
880 947 1148 1012 statueris,
1171 953 1279 998 tum
1303 963 1400 1013 ego

335 1037 467 1070 meae
499 1021 774 1086 cupiditati
794 1033 849 1073 et
871 1023 1102 1075 avaritie
1127 1024 1399 1074 terminum

336 1098 592 1148 inveniam
614 1116 629 1160 3
662 1100 712 1149 id
734 1106 836 1162 est,
856 1114 1131 1166 nunquam.

400 1173 597 1238 Acer-ei]
626 1174 833 1225 Soriten
870 1174 1136 1243 intelligit,
1171 1189 1286 1241 qum
1321 1189 1400 1225 ar·

337 1251 661 1314 gumentatio
693 1257 776 1302 est
797 1265 1011 1301 acervus
1047 1264 1145 1301 ceu
1167 1251 1401 1301 cumulus

338 1328 766 1393 propositionum,
786 1343 901 1392 quae
933 1327 985 1377 in
1009 1325 1261 1378 infinitum
1284 1342 1400 1392 pro·

339 1404 487 1468 gredi
521 1418 673 1470 posse
694 1403 964 1455 videntur:
1002 1404 1138 1454 nude
1179 1417 1273 1468 per
1299 1403 1401 1454 iro-

340 1482 476 1529 niam
498 1481 633 1531 dixit
664 1480 874 1531 Persius
896 1480 1108 1546 finitum
1138 1486 1195 1529 et
1233 1478 1401 1545 addit,

339 1557 413 1606 tui
428 1573 449 1615 ,-
480 1557 602 1621 quia
623 1555 962 1607 dissolvenda
991 1555 1138 1605 istius
1159 1556 1404 1605 acervalis

339 1632 798 1696 argumentationis
811 1632 1060 1682 rationem
1071 1631 1404 1695 investigavit

339 1710 676 1774 Chrysippus,
712 1714 768 1758 et
798 1708 865 1785 de
889 1723 954 1759 ea
975 1714 1198 1774 quatuor
1220 1707 1402 1758 Libros

338 1786 603 1850 scripsisse
623 1786 808 1836 fertur.
861 1785 1047 1836 Horat.
1070 1785 1238 1849 Epist.
1261 1798 1325 1834 11.
1350 1789 1398 1835 1.

338 1868 352 1890 ⁴
381 1863 521 1912 Dum
559 1861 719 1913 cadat
754 1863 925 1912 elusus
962 1861 1164 1912 ratione
1202 1861 1400 1911 ruentis

341 1938 548 1990 acervi!
611 1940 919 2003 Exemplum
950 1937 1135 1988 Soritis
1157 1944 1239 1987 est
1261 1935 1401 2001 apud

342 2018 645 2069 Ciceronem
678 2018 884 2070 'rust-ul.
914 2019 1120 2071 Quest.
1150 2031 1204 2069 v.
1238 2030 1290 2065 n.
1320 2020 1400 2067 45.

2409 399 2541 466 187

1481 562 1572 613 ubi
1593 561 1759 613 solum
1795 562 2067 613 honestum
2103 574 2219 612 esse
2255 560 2446 613 bouum
2468 562 2546 612 sic

1480 639 1733 705 probetur
1746 653 1842 705 per
1854 640 2079 706 quinque
2096 639 2319 703 gradus:
2353 639 2371 667 ‘
2389 637 2547 692 Quic-

1482 717 1607 781 quid
1629 723 1712 766 est
1734 715 1873 782 quod
1897 716 2087 766 bonum
2112 715 2198 778 sit,
2220 715 2274 764 id
2299 721 2547 779 expeten-

1481 792 1605 843 dum
1642 799 1758 843 est:
1794 792 1935 857 quod
1972 798 2145 842 autem
2179 791 2549 856 expetendum,

1479 869 1536 919 id
1579 877 1726 921 certe
1768 869 2192 934 approbandum:
2242 869 2379 934 quod
2423 883 2548 919 vero

1479 946 1806 1011 approbaris,
1843 945 1895 995 id
1935 952 2137 1011 gratum
2168 953 2547 1012 acceptumque

1477 1022 1810 1084 habendum3
1867 1037 1990 1087 ergo
2034 1024 2189 1074 etiam
2234 1023 2456 1089 dignitus
2496 1023 2549 1074 ei

1480 1098 1756 1150 tribuenda
1776 1104 1886 1149 est:
1927 1100 2061 1165 quod
2084 1100 2127 1149 si
2159 1100 2235 1150 itu
2252 1108 2354 1164 est,
2376 1100 2549 1151 lauda·
2573 1158 2582 1165 ,

1481 1174 1588 1224 bile
1632 1175 1700 1224 sit
1742 1188 1955 1224 necesse
2000 1181 2078 1224 est
2100 1191 2113 1224 τ
2163 1174 2351 1226 bonum
2385 1176 2548 1241 igitur

1480 1265 1632 1300 omne
1653 1250 1933 1303 laudabile.
1999 1251 2081 1300 Ex
2103 1266 2207 1317 quo
2229 1251 2468 1317 efficitur,
2489 1259 2550 1303 ut

1482 1324 1619 1390 quod
1651 1326 1721 1377 sit
1756 1327 2047 1391 honestum,
2079 1327 2132 1376 id
2169 1327 2238 1378 sit
2273 1329 2433 1379 solum
2458 1324 2546 1379 bo'·

1480 1401 1639 1452 num.'
1676 1402 1746 1452 Et
1766 1416 1808 1452 1.
1831 1401 1899 1451 de
1924 1401 2132 1452 Natura
2153 1405 2418 1453 Deorum:
2452 1404 2468 1432 ‘
2490 1405 2548 1454 Si

1481 1479 1576 1528 Dii
1600 1486 1740 1543 sunt,
1760 1478 1902 1529 beuti
1919 1485 2076 1539 sunt;
2108 1478 2153 1529 si
2169 1479 2331 1543 beati,
2347 1479 2554 1532 virtuto

1481 1554 1719 1620 praeditl5
1754 1555 1797 1606 si
1821 1555 2045 1617 virtutis,
2078 1561 2136 1605 et
2156 1556 2370 1607 rationis
2391 1563 2547 1607 crunt

1482 1646 1702 1697 capaces
1714 1631 1747 1683 :’
1768 1632 1908 1683 unde
1920 1631 2250 1683 concluditur
2262 1632 2389 1694 illic,
2405 1633 2547 1682 Deos

1479 1720 1593 1758 esse
1612 1707 1903 1759 homiuibus
1923 1706 2146 1757 similes:
2180 1707 2318 1772 quod
2350 1706 2547 1758 ibidem

1482 1780 1677 1832 refellit
1695 1782 1913 1834 Tullius.
1975 1784 2045 1833 Et
2065 1789 2209 1833 certe
2233 1790 2422 1833 norunt
2439 1798 2545 1832 om-

1480 1872 1575 1910 nes
1595 1859 1798 1910 Soriten
1820 1874 1923 1911 non
1946 1866 2053 1910 tam
2078 1874 2193 1910 esse
2219 1865 2546 1924 argumenta-

1481 1935 1675 1985 tionem
1715 1935 2014 1999 legitimam,
2057 1941 2270 1993 rectum,
2309 1942 2544 1995 certam3

1480 2027 1634 2078 quam
1654 2013 1931 2079 argutiam,
1954 2021 2011 2063 et
2033 2011 2431 2064 cavillationem.

1551 419 1651 465 Vl.
