3050 4913
472 346 650 416 1228
1149 356 1538 411 ascensus
1583 357 2019 407 ammonuit

470 509 611 567 Ant.
642 504 1020 575 Mancinelli,
1059 503 1192 563 lod.
1236 503 1407 563 Badii
1453 503 1722 563 Ascevm‘i
1760 497 2234 570 Commentariis,
2272 498 2458 559 Hadr.
2495 499 2680 561 Juniz·

412 592 421 601 ’
471 601 745 672 Scholiis,
771 601 998 660 Lubi’m'
1039 609 1102 661 et
1147 598 1443 659 Ᾱιιὶιιωιί
1484 597 2113 668 commentationibus,
2154 606 2214 656 et
2255 596 2515 675 denique
2556 598 2682 661 Th.

476 698 766 761 Parnasia·
791 706 1079 756 annotatt.
1110 715 1174 774 p.
1205 703 1549 766 753—895.
1637 712 1735 755 ιχ.
1770 694 2013 773 Sylloge
2044 691 2338 752 Natarum
2366 693 2684 757 Vem’m

475 795 553 853 Is.
599 793 807 863 vossii,
846 795 987 854 Oct.
1045 792 1305 863 Ferrarii,
1361 792 1452 851 el.
1498 791 1787 861 salmasii,
1829 791 1927 850 1ο.
1969 792 2085 850 Ge.
2128 789 2375 861 Graevii,
2416 810 2522 850 uec
2561 810 2685 851 non

476 892 651 967 Casp.
680 890 924 960 Bartbii,
950 892 1109 949 Sam.
1141 889 1441 961 Bocharti,
1483 889 1688 967 Steph.
1718 888 1989 959 Claverii,
2035 887 2186 948 Lud.
2217 888 2524 958 Dorleans,
2551 889 2687 948 Jos.

482 991 622 1046 Ant.
668 986 942 1046 Gonsalii
995 988 1070 1047 de
1115 987 1301 1057 Salas,
1339 989 1435 1047 1ο.
1490 985 1666 1046 Fred.
1710 986 2022 1057 Gronovii,
2073 985 2212 1045 Nic.
2265 984 2507 1058 Heinsii,
2547 986 2690 1045 Jac.

481 1083 728 1154 Ouzelii,
757 1083 905 1144 Phil.
936 1084 1208 1155 Rubenii,
1234 1085 1369 1144 Jan.
1401 1084 1713 1163 Rutgersii,
1752 1086 1879 1144 Jos.
1924 1082 2222 1161 scaligeri,
2266 1083 2447 1161 Casp.
2477 1081 2693 1161 Sciop-

480 1180 578 1260 pii,
609 1182 712 1240 Ez.
741 1182 1095 1260 Spanbemii,
1128 1184 1224 1242 1ο.
1257 1183 1442 1242 Geth.
1474 1182 1688 1251 Vossii,
1714 1182 2080 1258 aliorumque
2122 1179 2691 1258 quamplurimorum

481 1297 543 1356 p.
578 1275 917 1351 896—940.
974 1296 1044 1339 x.
1076 1278 1289 1340 ΤΙιιοᾰ.
1309 1279 1620 1340 Janssom‘i'
1647 1278 1721 1337 ab
1748 1276 2106 1338 Almeloveen
2135 1275 2694 1348 animadversiones,

482 1380 652 1453 (quas
682 1387 881 1437 tenues
910 1398 1033 1438 esse
1054 1388 1117 1438 et
1140 1377 1323 1438 ferme
1349 1376 1777 1454 extemporales
1817 1384 1919 1436 aut
1958 1376 2068 1435 sub
2100 1392 2273 1433 manu
2305 1372 2473 1451 quasi
2502 1382 2694 1443 natas,

487 1480 696 1533 auctor
723 1473 851 1551 ipse
892 1494 1010 1534 non
1055 1475 1246 1534 minus
1292 1493 1444 1545 vere,
1490 1492 1669 1550 quam
1714 1470 1967 1532 candide
2009 1468 2369 1550 profitetur,)
2397 1488 2460 1548 p.
2488 1477 2697 1540 941-

487 1576 628 1637 945.
713 1587 813 1631 x1.
849 1571 1043 1631 Henr.
1076 1572 1297 1632 Cli-risi.
1343 1570 1638 1632 Hemina·
1681 1568 2028 1651 Spicilegia,
2059 1567 2299 1648 (quibus
2326 1565 2700 1645 potissimum

489 1685 578 1749 res
607 1665 912 1728 historicas
941 1670 1032 1728 vel
1061 1689 1250 1729 mores
1277 1670 1434 1728 illius
1462 1668 1596 1741 aevi,
1639 1677 1700 1728 et
1741 1685 2165 1744 nonnunquam
2197 1662 2567 1724 reconditum
2593 1663 2703 1722 Ju-

491 1764 701 1823 venalis
730 1784 958 1826 sensum
986 1765 1271 1826 illustrare
1298 1776 1549 1826 conatus
1575 1767 1713 1838 est,)
1739 1783 1802 1843 p.
1831 1762 2175 1835 946—968.
2281 1776 2413 1820 xn.
2444 1757 2708 1838 Peplos·

495 1859 789 1921 Notat-um
816 1862 900 1924 ad
919 1861 1151 1924 Scholia
1176 1862 1458 1933 Veterum,
1477 1872 1820 1921 contextum
1844 1881 1914 1919 ex
1933 1859 2107 1919 Notis
2139 1857 2347 1937 partim
2370 1855 2707 1927 variorum,

494 1957 636 2016 Oct.
680 1958 942 2031 Ferrarii,
989 1961 1087 2020 1ο.
1117 1961 1233 2019 Ge.
1280 1958 1523 2029 Graevii,
1568 1959 1750 2035 Casp.
1779 1955 2022 2027 Bartbii,
2067 1957 2228 2014 Sam.
2272 1953 2516 2023 Barthii,
2547 1952 2706 2015 Lud.

498 2054 800 2125 Dorleans,
828 2055 949 2116 Tb.
980 2055 1314 2128 Munckeri,
1334 2056 1482 2118 Phil.
1514 2054 1792 2127 Rubenii,
1813 2056 1953 2114 Ger.
1973 2052 2292 2123 Jo.Vossii,
2315 2049 2709 2128 aliorumque,

495 2148 707 2227 partim
735 2149 973 2228 integris
1000 2151 1063 2212 P.
1099 2151 1306 2211 Pithoei
1347 2152 1540 2221 Notis,
1569 2151 1706 2213 Jani
1748 2148 2042 2229 Rutgersii
2087 2147 2440 2217 Emendatt„
2468 2146 2709 2209 Theod.

494 2246 528 2306 J
534 2264 682 2306 anss.
702 2247 780 2306 ab
809 2247 1181 2309 Almeloveen
1201 2248 1654 2322 Animadversis,
1678 2258 1736 2309 et
1762 2247 2040 2308 Henninii
2066 2244 2391 2326 Spicilegiis
2419 2263 2481 2322 p.
2503 2242 2713 2314 963-

496 2350 641 2413 980.
718 2359 883 2404 x111.
929 2343 1117 2406 Index
1162 2347 1628 2407 absolutissimus
1675 2346 1932 2406 omnium
1979 2344 2424 2412 vocabulorum,
2469 2360 2606 2420 quae
2649 2341 2715 2399 in

497 2437 533 2497 J
540 2434 795 2500 uvenalis
823 2440 1047 2521 Satyris
1074 2444 1458 2523 reperiuntur.
1487 2452 1570 2520 (et
1597 2442 1836 2523 quidem
1868 2441 2220 2522 Langianus,
2247 2438 2322 2499 de
2352 2459 2473 2518 quo
2498 2458 2549 2496 v.
2579 2456 2718 2517 sup·

500 2534 577 2596 ad
608 2556 662 2597 a.
697 2535 1132 2614 1608.)—Haec
1158 2552 1249 2603 est
1276 2561 1504 2604 summa
1535 2541 1685 2601 vasti
1713 2541 1887 2618 hujus
1916 2540 2108 2619 operis
2151 2547 2210 2597 et
2239 2535 2718 2597 celebratissima!

501 2634 798 2696 editionis.
884 2638 1072 2714 Cujus
1102 2640 1149 2698 si
1178 2649 1477 2701 externam
1519 2639 1776 2720 speciem
1819 2637 2173 2707 consideres,
2211 2633 2557 2694 nitidissima
2597 2640 2720 2697 est»

505 2733 554 2792 si
580 2732 863 2795 internam
894 2734 1173 2808 indolem,
1196 2737 1375 2798 ethic
1396 2758 1738 2817 cognosces,
1764 2755 1881 2796 non
1902 2754 2077 2795 omne
2107 2731 2268 2811 qnod
2299 2730 2482 2790 niteat
2507 2748 2722 2789 aurum

505 2849 656 2890 esse.
741 2831 888 2890 Vere
908 2850 1036 2891 eam
1066 2833 1278 2893 dixeris
1307 2834 1653 2913 indigestam
1684 2852 1852 2892 vanae
1867 2831 2271 2910 speciosaeque
2298 2827 2583 2887 doctrinae
2598 2824 2725 2884 far-

484 2926 761 3004 ‘raginem
788 2926 1116 3006 rudemque
1144 2949 1336 2988 rerum
1377 2929 1666 2992 inutilium
1696 2929 1934 2999 molem,
1964 2927 2038 2988 de
2064 2945 2180 3007 qua
2210 2925 2348 2985 nihil
2377 2924 2571 3003 aptius
2599 2921 2726 2983 dici

510 3031 725 3103 potest,
756 3043 932 3102 quam
971 3045 1108 3104 quae
1136 3027 1409 3105 leguntur
1436 3028 1494 3086 in
1521 3047 1538 3087 τ
1584 3026 1997 3104 Bibliotbeque
2024 3024 2302 3084 ancienne
2328 3029 2390 3082 et
2417 3018 2725 3091 modeme,

466 3181 473 3194 ,
508 3139 661 3198 pour
686 3139 876 3181 server
916 3121 992 3182 de
1028 3122 1179 3183 suite
1219 3142 1334 3184 aux
1376 3124 1814 3204 Bibliotbeques
1859 3120 2218 3182 Universelle
2242 3130 2302 3180 et
2328 3117 2582 3189 Choisie‚
2611 3134 2730 3195 par

510 3217 656 3277 Jean
683 3218 738 3278 le
767 3217 961 3287 Clerc,
989 3218 1025 3279 a
1050 3220 1245 3280 Amat.
1281 3227 1455 3289 1718.
1491 3229 1583 3282 12.
1607 3219 1688 3278 T.
1712 3235 1812 3280 lx.
1837 3236 1900 3295 p.
1937 3224 2073 3278 113.
2117 3224 2135 3251 ‘
2166 3217 2288 3275 Feu
2318 3216 2436 3275 Mr.
2460 3213 2726 3285 Hennin,

512 3314 616 3394 qui
643 3332 679 3373 a
703 3314 809 3376 fait
836 3335 912 3374 un
942 3315 1159 3395 abrege
1184 3318 1259 3378 de
1291 3339 1378 3389 ce,
1410 3336 1529 3395 que
1570 3317 1654 3376 les
1697 3316 2053 3394 Interpretes
2078 3323 2183 3373 ont
2208 3312 2319 3385 dit,
2350 3313 2441 3372 n'a
2468 3310 2575 3370 fait
2604 3330 2731 3388 que

512 3430 805 3474 ramasser
831 3436 911 3476 un
944 3416 1123 3477 fati-as
1163 3417 1240 3477 de
1282 3414 1621 3493 bagatelles,
1665 3411 1816 3472 dont
1855 3411 1897 3472 il
1937 3420 2027 3470 est
2065 3411 2252 3469 meme
2293 3405 2531 3467 difficile
2558 3407 2635 3464 de
2661 3425 2730 3465 se

513 3512 709 3586 servir,
740 3532 917 3592 parce
948 3516 1083 3593 qu'il
1111 3514 1195 3574 les
1222 3533 1258 3573 a
1284 3511 1459 3574 mises
1484 3510 1520 3571 a
1546 3519 1698 3589 part,
1728 3511 1764 3572 a
1792 3511 1847 3570 la
1871 3508 1951 3570 fin
1979 3507 2061 3569 du
2090 3509 2294 3578 Po'ete,
2324 3523 2460 3564 sous
2487 3503 2541 3562 le
2562 3511 2731 3563 texte

516 3611 737 3689 duquel
765 3612 804 3672 il
834 3616 969 3673 s'est
1007 3612 1286 3672 contente
1327 3611 1403 3671 de
1444 3618 1657 3670 mettre
1695 3608 1935 3669 l'ancien
1977 3603 2308 3667 Scholiaste
2350 3611 2411 3662 et
2451 3600 2504 3659 le
2547 3601 2736 3661 Com-

518 3710 798 3769 mentaire
824 3710 900 3772 de
928 3712 1046 3771 Mr.
1075 3713 1223 3772 Jean
1249 3709 1357 3771 des
1387 3710 1679 3787 Granges.
1765 3707 1816 3765 ll
1859 3709 1954 3785 n'y
1991 3723 2028 3762 a
2069 3720 2178 3780 pas
2207 3720 2375 3759 assez
2417 3698 2494 3758 de
2537 3707 2754 3769 notes,-

519 3823 669 3881 pour
694 3809 974 3869 entendre
1002 3810 1055 3869 le
1086 3811 1290 3880 Poete,
1334 3818 1395 3868 et
1427 3808 1467 3867 il
1509 3828 1547 3888 y
1589 3825 1664 3867 en
1704 3825 1740 3865 a
1781 3804 2096 3878 beaucoup
2124 3814 2283 3877 trop,
2313 3815 2465 3877 pour
2490 3794 2573 3854 les
2603 3792 2733 3852 lire.

521 3903 736 3971 Quand
767 3924 845 3963 on
876 3917 1082 3967 trouve
1110 3928 1189 3968 un
1220 3926 1468 3986 passage
1495 3904 1734 3975 obscur,
1762 3911 1825 3961 et
1851 3901 2027 3980 qu‘on
2057 3916 2121 3957 se
2148 3895 2343 3956 donne
2370 3895 2430 3953 la
2457 3891 2626 3972 peine
2652 3889 2739 3949 de

520 3999 801 4060 chercher
826 4023 893 4063 ce
923 4007 1093 4081 qu'en
1123 4013 1228 4063 ont
1273 4003 1361 4061 dit
1408 4012 1536 4062 tant
1576 4001 2010 4077 d'lnterpretes,
2040 4014 2115 4054 on
2143 4012 2179 4053 a
2205 3992 2258 4052 le
2286 3989 2529 4070 chagrin
2554 3987 2630 4046 de
2658 4007 2739 4047 ne

523 4106 759 4158 trouver
795 4100 941 4170 rien,
994 4101 1097 4179 qui
1144 4100 1463 4171 satisfasse,
1517 4118 1596 4159 ou
1653 4098 1754 4177 qui
1811 4095 1922 4156 soit
1963 4091 2200 4173 appuye
2237 4108 2348 4169 par
2388 4086 2466 4146 de
2507 4085 2740 4145 bonnet

519 4200 805 4274 preuves.'
906 4197 1085 4262 Conf.
1117 4196 1485 4279 Lengnicliii
1515 4196 1803 4274 Beitriige
1838 4212 1944 4252 aur
1975 4187 2310 4250 Kennim'ss
2332 4180 2748 4246 seltenerBfie·
