<?xml version="1.0" encoding="UTF-8"?>
<!DOCTYPE html PUBLIC "-//W3C//DTD XHTML 1.0 Transitional//EN"
    "http://www.w3.org/TR/xhtml1/DTD/xhtml1-transitional.dtd">
<html xmlns="http://www.w3.org/1999/xhtml" xml:lang="en" lang="en">
 <head>
  <title>
</title>
<meta http-equiv="Content-Type" content="text/html;charset=utf-8" />
  <meta name='ocr-system' content='tesseract 3.04.00' />
  <meta name='ocr-capabilities' content='ocr_page ocr_carea ocr_par ocr_line ocrx_word'/>
</head>
<body>
  <div class='ocr_page' id='page_1' title='image "./operaomniavolum00juvegoog/operaomniavolum00juvegoog_0471.png"; bbox 0 0 3050 4913; ppageno 0'>
   <div class='ocr_carea' id='block_1_1' title="bbox 1255 398 1684 449">
    <p class='ocr_par' dir='ltr' id='par_1_1' title="bbox 1255 398 1684 449">
     <span class='ocr_line' id='line_1_1' title="bbox 1255 398 1684 449; baseline -0.005 0"><span class='ocrx_word' id='word_1_1' title='bbox 1255 398 1532 449; x_wconf 71' lang='lat' dir='ltr'><strong>SATmA</strong></span> <span class='ocrx_word' id='word_1_2' title='bbox 1582 399 1684 447; x_wconf 83' lang='lat' dir='ltr'><strong>Vl.</strong></span> 
     </span>
    </p>
   </div>
   <div class='ocr_carea' id='block_1_2' title="bbox 2427 380 2558 445">
    <p class='ocr_par' dir='ltr' id='par_1_2' title="bbox 2427 380 2558 445">
     <span class='ocr_line' id='line_1_2' title="bbox 2427 380 2558 445; baseline 0 0"><span class='ocrx_word' id='word_1_3' title='bbox 2427 380 2558 445; x_wconf 79' lang='lat'><strong>183</strong></span> 
     </span>
    </p>
   </div>
   <div class='ocr_carea' id='block_1_3' title="bbox 345 542 2554 635">
    <p class='ocr_par' dir='ltr' id='par_1_3' title="bbox 345 542 2554 635">
     <span class='ocr_line' id='line_1_3' title="bbox 345 542 2554 635; baseline -0.004 -19"><span class='ocrx_word' id='word_1_4' title='bbox 345 550 695 635; x_wconf 82' lang='lat' dir='ltr'><strong>Quicquid</strong></span> <span class='ocrx_word' id='word_1_5' title='bbox 721 549 789 615; x_wconf 89' lang='lat' dir='ltr'><strong>id</strong></span> <span class='ocrx_word' id='word_1_6' title='bbox 819 554 941 614; x_wconf 83' lang='lat' dir='ltr'><strong>est.</strong></span> <span class='ocrx_word' id='word_1_7' title='bbox 1003 545 1142 614; x_wconf 85' lang='lat' dir='ltr'><strong>Ubi</strong></span> <span class='ocrx_word' id='word_1_8' title='bbox 1171 547 1279 624; x_wconf 82' lang='lat' dir='ltr'><strong>sit,</strong></span> <span class='ocrx_word' id='word_1_9' title='bbox 1310 545 1468 627; x_wconf 79' lang='lat' dir='ltr'><strong>suge</strong></span> <span class='ocrx_word' id='word_1_10' title='bbox 1485 563 1800 628; x_wconf 87' lang='lat' dir='ltr'><strong>quaerere‚</strong></span> <span class='ocrx_word' id='word_1_11' title='bbox 1825 543 2006 627; x_wconf 90' lang='lat' dir='ltr'><strong>quod</strong></span> <span class='ocrx_word' id='word_1_12' title='bbox 2031 544 2193 608; x_wconf 84' lang='lat' dir='ltr'><strong>mihi</strong></span> <span class='ocrx_word' id='word_1_13' title='bbox 2220 542 2554 628; x_wconf 82' lang='lat' dir='ltr'><strong>quondam</strong></span> 
     </span>
    </p>
   </div>
   <div class='ocr_carea' id='block_1_4' title="bbox 345 648 1910 740">
    <p class='ocr_par' dir='ltr' id='par_1_4' title="bbox 345 648 1910 740">
     <span class='ocr_line' id='line_1_4' title="bbox 345 648 1910 740; baseline -0.006 -20"><span class='ocrx_word' id='word_1_14' title='bbox 345 656 636 740; x_wconf 80' lang='lat' dir='ltr'><strong>Legarat</strong></span> <span class='ocrx_word' id='word_1_15' title='bbox 655 653 949 719; x_wconf 81' lang='lat' dir='ltr'>Tadius:</span> <span class='ocrx_word' id='word_1_16' title='bbox 979 670 1104 716; x_wconf 86' lang='lat' dir='ltr'><strong>nec</strong></span> <span class='ocrx_word' id='word_1_17' title='bbox 1133 648 1306 715; x_wconf 81' lang='lat' dir='ltr'><strong>dicta</strong></span> <span class='ocrx_word' id='word_1_18' title='bbox 1334 666 1580 731; x_wconf 79' lang='lat' dir='ltr'><strong>repone</strong></span> <span class='ocrx_word' id='word_1_19' title='bbox 1603 654 1910 731; x_wconf 81' lang='lat' dir='ltr'><strong>paterna:</strong></span> 
     </span>
    </p>
   </div>
   <div class='ocr_carea' id='block_1_5' title="bbox 2458 647 2548 711">
    <p class='ocr_par' dir='ltr' id='par_1_5' title="bbox 2458 647 2548 711">
     <span class='ocr_line' id='line_1_5' title="bbox 2458 647 2548 711; baseline 0 0"><span class='ocrx_word' id='word_1_20' title='bbox 2458 647 2548 711; x_wconf 84' lang='lat'><strong>66</strong></span> 
     </span>
    </p>
   </div>
   <div class='ocr_carea' id='block_1_6' title="bbox 349 749 2027 823">
    <p class='ocr_par' dir='ltr' id='par_1_6' title="bbox 349 749 2027 823">
     <span class='ocr_line' id='line_1_6' title="bbox 349 749 2027 823; baseline -0.008 0"><span class='ocrx_word' id='word_1_21' title='bbox 349 758 651 823; x_wconf 83' lang='lat' dir='ltr'><strong>Foeneris</strong></span> <span class='ocrx_word' id='word_1_22' title='bbox 682 754 958 820; x_wconf 81' lang='lat' dir='ltr'><strong>accedat</strong></span> <span class='ocrx_word' id='word_1_23' title='bbox 982 771 1272 817; x_wconf 79' lang='lat' dir='ltr'><strong>merces:</strong></span> <span class='ocrx_word' id='word_1_24' title='bbox 1319 751 1473 814; x_wconf 90' lang='lat' dir='ltr'><strong>hinc</strong></span> <span class='ocrx_word' id='word_1_25' title='bbox 1503 749 1723 813; x_wconf 82' lang='lat' dir='ltr'><strong>exime</strong></span> <span class='ocrx_word' id='word_1_26' title='bbox 1754 752 2027 812; x_wconf 81' lang='lat' dir='ltr'><strong>sumtus.</strong></span> 
     </span>
    </p>
   </div>
   <div class='ocr_carea' id='block_1_7' title="bbox 344 854 1170 1041">
    <p class='ocr_par' dir='ltr' id='par_1_7' title="bbox 344 854 1170 1041">
     <span class='ocr_line' id='line_1_7' title="bbox 344 854 1170 940; baseline -0.008 -15"><span class='ocrx_word' id='word_1_27' title='bbox 344 864 368 895; x_wconf 86' lang='lat'>‘</span> <span class='ocrx_word' id='word_1_28' title='bbox 402 857 587 938; x_wconf 84' lang='lat' dir='ltr'><strong>Quid</strong></span> <span class='ocrx_word' id='word_1_29' title='bbox 629 859 958 940; x_wconf 88' lang='lat' dir='ltr'><strong>reliquum</strong></span> <span class='ocrx_word' id='word_1_30' title='bbox 999 861 1104 920; x_wconf 80' lang='lat' dir='ltr'><strong>est</strong></span> <span class='ocrx_word' id='word_1_31' title='bbox 1118 854 1170 918; x_wconf 71' lang='lat' dir='ltr'><strong>&#39;t’</strong></span> 
     </span>
     <span class='ocr_line' id='line_1_8' title="bbox 522 980 710 1041; baseline -0.021 0"><span class='ocrx_word' id='word_1_32' title='bbox 522 980 710 1041; x_wconf 68' lang='lat' dir='ltr'><strong>unge»</strong></span> 
     </span>
    </p>
   </div>
   <div class='ocr_carea' id='block_1_8' title="bbox 1276 850 2550 936">
    <p class='ocr_par' dir='ltr' id='par_1_8' title="bbox 1276 850 2550 936">
     <span class='ocr_line' id='line_1_9' title="bbox 1276 850 2550 936; baseline -0.002 -19"><span class='ocrx_word' id='word_1_33' title='bbox 1276 851 1679 936; x_wconf 66' lang='lat' dir='ltr'><strong>Reliquum?</strong></span> <span class='ocrx_word' id='word_1_34' title='bbox 1745 870 1921 915; x_wconf 89' lang='lat' dir='ltr'><strong>nunc</strong></span> <span class='ocrx_word' id='word_1_35' title='bbox 1973 870 2146 915; x_wconf 89' lang='lat' dir='ltr'><strong>nuno</strong></span> <span class='ocrx_word' id='word_1_36' title='bbox 2187 850 2550 935; x_wconf 81' lang='lat' dir='ltr'><strong>impensius</strong></span> 
     </span>
    </p>
   </div>
   <div class='ocr_carea' id='block_1_9' title="bbox 337 1135 2550 1204">
    <p class='ocr_par' dir='ltr' id='par_1_9' title="bbox 337 1135 2550 1204">
     <span class='ocr_line' id='line_1_10' title="bbox 337 1135 2550 1204; baseline -0.003 -13"><span class='ocrx_word' id='word_1_37' title='bbox 337 1140 671 1204; x_wconf 58' lang='lat' dir='ltr'><strong>manteia-d</strong></span> <span class='ocrx_word' id='word_1_38' title='bbox 698 1143 787 1201; x_wconf 73' lang='lat' dir='ltr'><strong>est,</strong></span> <span class='ocrx_word' id='word_1_39' title='bbox 806 1139 1046 1200; x_wconf 65' lang='lat' dir='ltr'><strong>integrm</strong></span> <span class='ocrx_word' id='word_1_40' title='bbox 1077 1142 1164 1187; x_wconf 71' lang='lat' dir='ltr'><strong>est.</strong></span> <span class='ocrx_word' id='word_1_41' title='bbox 1233 1137 1361 1189; x_wconf 75' lang='lat' dir='ltr'><strong>Cave</strong></span> <span class='ocrx_word' id='word_1_42' title='bbox 1380 1137 1616 1186; x_wconf 64' lang='lat' dir='ltr'><strong>nixum·</strong></span> <span class='ocrx_word' id='word_1_43' title='bbox 1645 1135 1834 1186; x_wconf 71' lang='lat' dir='ltr'><strong>abiam</strong></span> <span class='ocrx_word' id='word_1_44' title='bbox 1867 1135 1934 1186; x_wconf 75' lang='lat' dir='ltr'><strong>sit</strong></span> <span class='ocrx_word' id='word_1_45' title='bbox 1971 1135 2024 1185; x_wconf 87' lang='lat' dir='ltr'><strong>id</strong></span> <span class='ocrx_word' id='word_1_46' title='bbox 2066 1138 2188 1200; x_wconf 73' lang='lat' dir='ltr'><strong>quod</strong></span> <span class='ocrx_word' id='word_1_47' title='bbox 2220 1137 2331 1186; x_wconf 76' lang='lat' dir='ltr'><strong>olim</strong></span> <span class='ocrx_word' id='word_1_48' title='bbox 2370 1136 2550 1187; x_wconf 72' lang='lat' dir='ltr'><strong>Tadius</strong></span> 
     </span>
    </p>
   </div>
   <div class='ocr_carea' id='block_1_10' title="bbox 337 1175 1848 1332">
    <p class='ocr_par' dir='ltr' id='par_1_10' title="bbox 337 1175 1848 1332">
     <span class='ocr_line' id='line_1_11' title="bbox 341 1175 1848 1267; baseline -0.003 -12"><span class='ocrx_word' id='word_1_49' title='bbox 341 1210 661 1255; x_wconf 79' lang='lat' dir='ltr'><strong>testamento</strong></span> <span class='ocrx_word' id='word_1_50' title='bbox 691 1175 944 1267; x_wconf 64' lang='lat' dir='ltr'><strong>reliquerat</strong></span> <span class='ocrx_word' id='word_1_51' title='bbox 984 1204 1133 1252; x_wconf 62' lang='lat' dir='ltr'><strong>mihi.-</strong></span> <span class='ocrx_word' id='word_1_52' title='bbox 1163 1218 1276 1251; x_wconf 74' lang='lat' dir='ltr'><strong>neve</strong></span> <span class='ocrx_word' id='word_1_53' title='bbox 1314 1201 1437 1250; x_wconf 82' lang='lat' dir='ltr'><strong>mihi</strong></span> <span class='ocrx_word' id='word_1_54' title='bbox 1472 1207 1630 1264; x_wconf 71' lang='lat' dir='ltr'><strong>repete</strong></span> <span class='ocrx_word' id='word_1_55' title='bbox 1668 1201 1848 1251; x_wconf 72' lang='lat' dir='ltr'><strong>monitu</strong></span> 
     </span>
     <span class='ocr_line' id='line_1_12' title="bbox 337 1266 1848 1332; baseline -0.002 -13"><span class='ocrx_word' id='word_1_56' title='bbox 337 1272 556 1319; x_wconf 67' lang='lat' dir='ltr'><strong>hm:</strong></span> <span class='ocrx_word' id='word_1_57' title='bbox 586 1269 695 1318; x_wconf 75' lang='lat' dir='ltr'><strong>inde</strong></span> <span class='ocrx_word' id='word_1_58' title='bbox 713 1275 823 1319; x_wconf 81' lang='lat' dir='ltr'><strong>tuas</strong></span> <span class='ocrx_word' id='word_1_59' title='bbox 842 1269 1307 1332; x_wconf 63' lang='lat' dir='ltr'><strong>impet-mamae.-</strong></span> <span class='ocrx_word' id='word_1_60' title='bbox 1339 1267 1504 1329; x_wconf 74' lang='lat' dir='ltr'><strong>ecqiu&#39;d</strong></span> <span class='ocrx_word' id='word_1_61' title='bbox 1520 1266 1763 1316; x_wconf 68' lang='lat' dir='ltr'><strong>residuam</strong></span> <span class='ocrx_word' id='word_1_62' title='bbox 1778 1271 1848 1316; x_wconf 73' lang='lat' dir='ltr'><strong>est</strong></span> 
     </span>
    </p>
   </div>
   <div class='ocr_carea' id='block_1_11' title="bbox 1266 1403 1437 1425">
    <p class='ocr_par' dir='ltr' id='par_1_11' title="bbox 1266 1403 1437 1425">
     <span class='ocr_line' id='line_1_13' title="bbox 1266 1403 1437 1425; baseline -0.006 -2"><span class='ocrx_word' id='word_1_63' title='bbox 1266 1403 1437 1425; x_wconf 59' lang='lat'><strong>‘‘‘‘‘</strong></span> 
     </span>
    </p>
   </div>
   <div class='ocr_carea' id='block_1_12' title="bbox 1936 1203 2550 1331">
    <p class='ocr_par' dir='ltr' id='par_1_12' title="bbox 1936 1203 2550 1331">
     <span class='ocr_line' id='line_1_14' title="bbox 1936 1203 2550 1257; baseline 0 -7"><span class='ocrx_word' id='word_1_64' title='bbox 1936 1208 2099 1257; x_wconf 63' lang='lat' dir='ltr'><strong>mnu</strong></span> <span class='ocrx_word' id='word_1_65' title='bbox 2151 1203 2358 1251; x_wconf 74' lang='lat' dir='ltr'><strong>addatur</strong></span> <span class='ocrx_word' id='word_1_66' title='bbox 2391 1216 2550 1250; x_wconf 70' lang='lat' dir='ltr'><strong>usare</strong></span> 
     </span>
     <span class='ocr_line' id='line_1_15' title="bbox 1940 1236 2543 1331; baseline 0.005 -16"><span class='ocrx_word' id='word_1_67' title='bbox 1940 1236 2199 1315; x_wconf 47' lang='lat' dir='ltr'><strong>Residina</strong></span> <span class='ocrx_word' id='word_1_68' title='bbox 2220 1266 2443 1331; x_wconf 66' lang='lat' dir='ltr'><strong>quaeris?</strong></span> <span class='ocrx_word' id='word_1_69' title='bbox 2494 1265 2543 1319; x_wconf 90' lang='lat'>0</span> 
     </span>
    </p>
   </div>
   <div class='ocr_carea' id='block_1_13' title="bbox 1447 1404 1622 1423">
    <p class='ocr_par' dir='ltr' id='par_1_13' title="bbox 1447 1404 1622 1423">
     <span class='ocr_line' id='line_1_16' title="bbox 1447 1404 1622 1423; baseline -0.006 0"><span class='ocrx_word' id='word_1_70' title='bbox 1447 1404 1622 1423; x_wconf 54' lang='lat'><strong>00000</strong></span> 
     </span>
    </p>
   </div>
   <div class='ocr_carea' id='block_1_14' title="bbox 1198 1510 1730 1676">
    <p class='ocr_par' dir='ltr' id='par_1_14' title="bbox 1198 1510 1730 1676">
     <span class='ocr_line' id='line_1_17' title="bbox 1198 1510 1730 1563; baseline 0 -1"><span class='ocrx_word' id='word_1_71' title='bbox 1198 1518 1264 1562; x_wconf 80' lang='lat'><strong>66</strong></span> <span class='ocrx_word' id='word_1_72' title='bbox 1294 1512 1462 1563; x_wconf 74' lang='lat' dir='ltr'><strong>Staius</strong></span> <span class='ocrx_word' id='word_1_73' title='bbox 1486 1512 1588 1562; x_wconf 82' lang='lat' dir='ltr'><strong>Ms.</strong></span> <span class='ocrx_word' id='word_1_74' title='bbox 1610 1510 1730 1563; x_wconf 86' lang='lat' dir='ltr'><strong>Gal.</strong></span> 
     </span>
     <span class='ocr_line' id='line_1_18' title="bbox 1328 1627 1548 1676; baseline 0 0"><span class='ocrx_word' id='word_1_75' title='bbox 1328 1627 1548 1676; x_wconf 85' lang='lat' dir='ltr'>NOTAE</span> 
     </span>
    </p>
   </div>
   <div class='ocr_carea' id='block_1_15' title="bbox 338 1739 1397 1802">
    <p class='ocr_par' dir='ltr' id='par_1_15' title="bbox 338 1739 1397 1802">
     <span class='ocr_line' id='line_1_19' title="bbox 338 1739 1397 1802; baseline 0.001 -15"><span class='ocrx_word' id='word_1_76' title='bbox 338 1754 431 1791; x_wconf 64' lang='lat' dir='ltr'><strong>vro</strong></span> <span class='ocrx_word' id='word_1_77' title='bbox 453 1739 683 1802; x_wconf 82' lang='lat' dir='ltr'><strong>tandem,</strong></span> <span class='ocrx_word' id='word_1_78' title='bbox 705 1739 758 1789; x_wconf 89' lang='lat' dir='ltr'><strong>id</strong></span> <span class='ocrx_word' id='word_1_79' title='bbox 782 1739 903 1789; x_wconf 84' lang='lat' dir='ltr'><strong>mihi</strong></span> <span class='ocrx_word' id='word_1_80' title='bbox 928 1754 1029 1789; x_wconf 88' lang='lat' dir='ltr'><strong>non</strong></span> <span class='ocrx_word' id='word_1_81' title='bbox 1066 1741 1158 1790; x_wconf 86' lang='lat' dir='ltr'><strong>tibi</strong></span> <span class='ocrx_word' id='word_1_82' title='bbox 1194 1739 1397 1789; x_wconf 81' lang='lat' dir='ltr'><strong>detrae-</strong></span> 
     </span>
    </p>
   </div>
   <div class='ocr_carea' id='block_1_16' title="bbox 337 1817 1395 1955">
    <p class='ocr_par' dir='ltr' id='par_1_16' title="bbox 337 1817 1395 1955">
     <span class='ocr_line' id='line_1_20' title="bbox 337 1817 1395 1883; baseline 0 -16"><span class='ocrx_word' id='word_1_83' title='bbox 337 1826 476 1868; x_wconf 73' lang='lat' dir='ltr'><strong>tum:</strong></span> <span class='ocrx_word' id='word_1_84' title='bbox 496 1823 552 1867; x_wconf 89' lang='lat' dir='ltr'><strong>et</strong></span> <span class='ocrx_word' id='word_1_85' title='bbox 572 1818 614 1867; x_wconf 88' lang='lat' dir='ltr'><strong>si</strong></span> <span class='ocrx_word' id='word_1_86' title='bbox 637 1817 761 1883; x_wconf 86' lang='lat' dir='ltr'><strong>quid</strong></span> <span class='ocrx_word' id='word_1_87' title='bbox 779 1818 934 1881; x_wconf 75' lang='lat' dir='ltr'><strong>perit,</strong></span> <span class='ocrx_word' id='word_1_88' title='bbox 949 1819 1087 1881; x_wconf 81' lang='lat' dir='ltr'><strong>perit</strong></span> <span class='ocrx_word' id='word_1_89' title='bbox 1102 1817 1222 1866; x_wconf 79' lang='lat' dir='ltr'><strong>mihi</strong></span> <span class='ocrx_word' id='word_1_90' title='bbox 1243 1819 1395 1882; x_wconf 81' lang='lat' dir='ltr'><strong>cujus</strong></span> 
     </span>
     <span class='ocr_line' id='line_1_21' title="bbox 339 1892 1113 1955; baseline 0.004 -14"><span class='ocrx_word' id='word_1_91' title='bbox 339 1900 504 1942; x_wconf 81' lang='lat' dir='ltr'><strong>totum</strong></span> <span class='ocrx_word' id='word_1_92' title='bbox 527 1900 610 1942; x_wconf 85' lang='lat' dir='ltr'><strong>est</strong></span> <span class='ocrx_word' id='word_1_93' title='bbox 630 1908 644 1952; x_wconf 90' lang='lat'>;</span> <span class='ocrx_word' id='word_1_94' title='bbox 668 1906 734 1941; x_wconf 82' lang='lat' dir='ltr'><strong>ex</strong></span> <span class='ocrx_word' id='word_1_95' title='bbox 758 1893 938 1955; x_wconf 82' lang='lat' dir='ltr'><strong>regula</strong></span> <span class='ocrx_word' id='word_1_96' title='bbox 954 1892 1113 1944; x_wconf 74' lang='lat' dir='ltr'><strong>Juris.</strong></span> 
     </span>
    </p>
   </div>
   <div class='ocr_carea' id='block_1_17' title="bbox 1475 1736 2542 1959">
    <p class='ocr_par' dir='ltr' id='par_1_17' title="bbox 1475 1736 2542 1959">
     <span class='ocr_line' id='line_1_22' title="bbox 1540 1736 2542 1805; baseline -0.006 -16"><span class='ocrx_word' id='word_1_97' title='bbox 1540 1744 1605 1790; x_wconf 76' lang='lat'><strong>6⁷</strong></span> <span class='ocrx_word' id='word_1_98' title='bbox 1640 1739 1856 1789; x_wconf 70' lang='lat' dir='ltr'><strong>Foeneris</strong></span> <span class='ocrx_word' id='word_1_99' title='bbox 1874 1739 2064 1787; x_wconf 70' lang='lat' dir='ltr'><strong>accedat</strong></span> <span class='ocrx_word' id='word_1_100' title='bbox 2085 1736 2280 1801; x_wconf 71' lang='lat' dir='ltr'><strong>merces]</strong></span> <span class='ocrx_word' id='word_1_101' title='bbox 2322 1736 2431 1789; x_wconf 80' lang='lat' dir='ltr'><strong>Ant</strong></span> <span class='ocrx_word' id='word_1_102' title='bbox 2453 1755 2542 1805; x_wconf 86' lang='lat' dir='ltr'><strong>pa.</strong></span> 
     </span>
     <span class='ocr_line' id='line_1_23' title="bbox 1478 1814 2541 1882; baseline 0.003 -16"><span class='ocrx_word' id='word_1_103' title='bbox 1478 1822 1680 1867; x_wconf 88' lang='lat' dir='ltr'><strong>ternum</strong></span> <span class='ocrx_word' id='word_1_104' title='bbox 1703 1823 1786 1868; x_wconf 88' lang='lat' dir='ltr'><strong>est</strong></span> <span class='ocrx_word' id='word_1_105' title='bbox 1810 1817 2059 1865; x_wconf 87' lang='lat' dir='ltr'><strong>monitum</strong></span> <span class='ocrx_word' id='word_1_106' title='bbox 2081 1833 2093 1864; x_wconf 89' lang='lat'>:</span> <span class='ocrx_word' id='word_1_107' title='bbox 2127 1830 2316 1866; x_wconf 77' lang='lat' dir='ltr'><strong>exerce</strong></span> <span class='ocrx_word' id='word_1_108' title='bbox 2340 1814 2541 1882; x_wconf 71' lang='lat' dir='ltr'><strong>foenu33</strong></span> 
     </span>
     <span class='ocr_line' id='line_1_24' title="bbox 1475 1890 2541 1959; baseline 0.001 -17"><span class='ocrx_word' id='word_1_109' title='bbox 1475 1907 1540 1942; x_wconf 93' lang='lat' dir='ltr'><strong>ue</strong></span> <span class='ocrx_word' id='word_1_110' title='bbox 1562 1894 1777 1943; x_wconf 85' lang='lat' dir='ltr'><strong>otiosam</strong></span> <span class='ocrx_word' id='word_1_111' title='bbox 1813 1900 1870 1942; x_wconf 84' lang='lat' dir='ltr'><strong>et</strong></span> <span class='ocrx_word' id='word_1_112' title='bbox 1900 1890 2272 1943; x_wconf 80' lang='lat' dir='ltr'><strong>infructuosam</strong></span> <span class='ocrx_word' id='word_1_113' title='bbox 2307 1894 2418 1943; x_wconf 80' lang='lat' dir='ltr'><strong>sine</strong></span> <span class='ocrx_word' id='word_1_114' title='bbox 2453 1909 2541 1959; x_wconf 79' lang='lat' dir='ltr'><strong>pe-</strong></span> 
     </span>
    </p>
   </div>
   <div class='ocr_carea' id='block_1_18' title="bbox 402 1968 2541 2034">
    <p class='ocr_par' dir='ltr' id='par_1_18' title="bbox 402 1968 2541 2034">
     <span class='ocr_line' id='line_1_25' title="bbox 402 1968 2541 2034; baseline 0.002 -17"><span class='ocrx_word' id='word_1_115' title='bbox 402 1968 499 2017; x_wconf 77' lang='lat' dir='ltr'><strong>Sed</strong></span> <span class='ocrx_word' id='word_1_116' title='bbox 532 1968 622 2017; x_wconf 71' lang='lat' dir='ltr'><strong>cibo·</strong></span> <span class='ocrx_word' id='word_1_117' title='bbox 652 1973 803 2017; x_wconf 67' lang='grc' dir='ltr'><strong>ωὲιηι</strong></span> <span class='ocrx_word' id='word_1_118' title='bbox 836 1973 924 2031; x_wconf 75' lang='lat' dir='ltr'><strong>est,</strong></span> <span class='ocrx_word' id='word_1_119' title='bbox 959 1969 1179 2033; x_wconf 72' lang='lat' dir='ltr'><strong>quioquid</strong></span> <span class='ocrx_word' id='word_1_120' title='bbox 1213 1970 1266 2018; x_wconf 81' lang='lat' dir='ltr'><strong>id</strong></span> <span class='ocrx_word' id='word_1_121' title='bbox 1301 1968 1396 2033; x_wconf 74' lang='lat' dir='ltr'><strong>ese]</strong></span> <span class='ocrx_word' id='word_1_122' title='bbox 1475 1970 1680 2019; x_wconf 88' lang='lat' dir='ltr'><strong>cuniam</strong></span> <span class='ocrx_word' id='word_1_123' title='bbox 1706 1977 1878 2030; x_wconf 87' lang='lat' dir='ltr'><strong>tuam;</strong></span> <span class='ocrx_word' id='word_1_124' title='bbox 1913 1976 2167 2034; x_wconf 75' lang='lat' dir='ltr'><strong>qnoestum</strong></span> <span class='ocrx_word' id='word_1_125' title='bbox 2186 1968 2289 2032; x_wconf 82' lang='lat' dir='ltr'><strong>fac,</strong></span> <span class='ocrx_word' id='word_1_126' title='bbox 2316 1969 2452 2021; x_wconf 88' lang='lat' dir='ltr'><strong>datis</strong></span> <span class='ocrx_word' id='word_1_127' title='bbox 2472 1972 2541 2022; x_wconf 84' lang='lat' dir='ltr'><strong>ad</strong></span> 
     </span>
    </p>
   </div>
   <div class='ocr_carea' id='block_1_19' title="bbox 334 2043 1393 2110">
    <p class='ocr_par' dir='ltr' id='par_1_19' title="bbox 334 2043 1393 2110">
     <span class='ocr_line' id='line_1_26' title="bbox 334 2043 1393 2110; baseline -0.003 -12"><span class='ocrx_word' id='word_1_128' title='bbox 334 2043 766 2110; x_wconf 70' lang='lat' dir='ltr'><strong>Quandoquidem</strong></span> <span class='ocrx_word' id='word_1_129' title='bbox 804 2061 870 2095; x_wconf 86' lang='lat' dir='ltr'><strong>ex</strong></span> <span class='ocrx_word' id='word_1_130' title='bbox 894 2047 1118 2110; x_wconf 84' lang='lat' dir='ltr'><strong>Legibus</strong></span> <span class='ocrx_word' id='word_1_131' title='bbox 1152 2053 1207 2096; x_wconf 85' lang='lat' dir='ltr'><strong>et</strong></span> <span class='ocrx_word' id='word_1_132' title='bbox 1244 2047 1393 2109; x_wconf 78' lang='lat' dir='ltr'><strong>Jure,</strong></span> 
     </span>
    </p>
   </div>
   <div class='ocr_carea' id='block_1_20' title="bbox 231 2122 1394 2189">
    <p class='ocr_par' dir='ltr' id='par_1_20' title="bbox 231 2122 1394 2189">
     <span class='ocr_line' id='line_1_27' title="bbox 231 2122 1394 2189; baseline 0.004 -20"><span class='ocrx_word' id='word_1_133' title='bbox 231 2150 247 2160; x_wconf 89' lang='lat'><strong>·</strong></span> <span class='ocrx_word' id='word_1_134' title='bbox 334 2129 480 2170; x_wconf 81' lang='lat' dir='ltr'><strong>tunm</strong></span> <span class='ocrx_word' id='word_1_135' title='bbox 503 2122 626 2170; x_wconf 80' lang='lat' dir='ltr'><strong>nihii</strong></span> <span class='ocrx_word' id='word_1_136' title='bbox 660 2128 741 2171; x_wconf 83' lang='lat' dir='ltr'><strong>est</strong></span> <span class='ocrx_word' id='word_1_137' title='bbox 769 2131 858 2172; x_wconf 87' lang='lat' dir='ltr'><strong>aut</strong></span> <span class='ocrx_word' id='word_1_138' title='bbox 882 2138 995 2175; x_wconf 80' lang='lat' dir='ltr'><strong>esse</strong></span> <span class='ocrx_word' id='word_1_139' title='bbox 1020 2130 1196 2187; x_wconf 85' lang='lat' dir='ltr'><strong>potest</strong></span> <span class='ocrx_word' id='word_1_140' title='bbox 1220 2140 1394 2189; x_wconf 83' lang='lat' dir='ltr'><strong>quam-</strong></span> 
     </span>
    </p>
   </div>
   <div class='ocr_carea' id='block_1_21' title="bbox 304 2194 1394 4315">
    <p class='ocr_par' dir='ltr' id='par_1_21' title="bbox 330 2194 1394 2412">
     <span class='ocr_line' id='line_1_28' title="bbox 335 2194 1394 2263; baseline 0.006 -18"><span class='ocrx_word' id='word_1_141' title='bbox 335 2194 422 2245; x_wconf 90' lang='lat' dir='ltr'><strong>diu</strong></span> <span class='ocrx_word' id='word_1_142' title='bbox 468 2196 605 2258; x_wconf 81' lang='lat' dir='ltr'><strong>vivo,</strong></span> <span class='ocrx_word' id='word_1_143' title='bbox 636 2198 994 2262; x_wconf 72' lang='lat' dir='ltr'><strong>quodcumque</strong></span> <span class='ocrx_word' id='word_1_144' title='bbox 1038 2213 1137 2263; x_wconf 77' lang='lat' dir='ltr'><strong>ego</strong></span> <span class='ocrx_word' id='word_1_145' title='bbox 1170 2201 1394 2251; x_wconf 78' lang='lat' dir='ltr'><strong>moriens</strong></span> 
     </span>
     <span class='ocr_line' id='line_1_29' title="bbox 330 2271 1390 2342; baseline 0.008 -22"><span class='ocrx_word' id='word_1_146' title='bbox 330 2271 607 2338; x_wconf 80' lang='lat' dir='ltr'><strong>reliquero,</strong></span> <span class='ocrx_word' id='word_1_147' title='bbox 640 2273 739 2323; x_wconf 81' lang='lat' dir='ltr'><strong>hoc</strong></span> <span class='ocrx_word' id='word_1_148' title='bbox 772 2273 869 2324; x_wconf 88' lang='lat' dir='ltr'><strong>tibi</strong></span> <span class='ocrx_word' id='word_1_149' title='bbox 903 2281 1069 2325; x_wconf 82' lang='lat' dir='ltr'><strong>totum</strong></span> <span class='ocrx_word' id='word_1_150' title='bbox 1099 2277 1204 2326; x_wconf 77' lang='lat' dir='ltr'><strong>erit</strong></span> <span class='ocrx_word' id='word_1_151' title='bbox 1233 2283 1390 2342; x_wconf 87' lang='lat' dir='ltr'><strong>atque</strong></span> 
     </span>
     <span class='ocr_line' id='line_1_30' title="bbox 337 2345 617 2412; baseline 0.011 -17"><span class='ocrx_word' id='word_1_152' title='bbox 337 2345 617 2412; x_wconf 76' lang='lat' dir='ltr'><strong>integrum.</strong></span> 
     </span>
    </p>

    <p class='ocr_par' dir='ltr' id='par_1_22' title="bbox 326 2425 1388 2781">
     <span class='ocr_line' id='line_1_31' title="bbox 391 2425 1388 2493; baseline 0.009 -20"><span class='ocrx_word' id='word_1_153' title='bbox 391 2428 459 2474; x_wconf 71' lang='lat'><strong>65</strong></span> <span class='ocrx_word' id='word_1_154' title='bbox 501 2425 598 2474; x_wconf 81' lang='lat' dir='ltr'><strong>Ubi</strong></span> <span class='ocrx_word' id='word_1_155' title='bbox 618 2426 684 2474; x_wconf 73' lang='lat' dir='ltr'><strong>eie</strong></span> <span class='ocrx_word' id='word_1_156' title='bbox 695 2425 822 2489; x_wconf 65' lang='lat' dir='ltr'><strong>fuge</strong></span> <span class='ocrx_word' id='word_1_157' title='bbox 840 2442 1064 2492; x_wconf 76' lang='lat' dir='ltr'><strong>querere,</strong></span> <span class='ocrx_word' id='word_1_158' title='bbox 1080 2429 1189 2493; x_wconf 55' lang='grc' dir='ltr'><strong>εγω]</strong></span> <span class='ocrx_word' id='word_1_159' title='bbox 1222 2429 1388 2483; x_wconf 84' lang='lat' dir='ltr'><strong>Porro</strong></span> 
     </span>
     <span class='ocr_line' id='line_1_32' title="bbox 331 2504 1385 2565; baseline 0.004 -13"><span class='ocrx_word' id='word_1_160' title='bbox 331 2515 402 2552; x_wconf 82' lang='lat' dir='ltr'><strong>ne</strong></span> <span class='ocrx_word' id='word_1_161' title='bbox 423 2515 663 2565; x_wconf 77' lang='lat' dir='ltr'><strong>reposcas</strong></span> <span class='ocrx_word' id='word_1_162' title='bbox 687 2517 717 2551; x_wconf 87' lang='lat' dir='ltr'><strong>a</strong></span> <span class='ocrx_word' id='word_1_163' title='bbox 753 2517 836 2552; x_wconf 88' lang='lat' dir='ltr'><strong>me</strong></span> <span class='ocrx_word' id='word_1_164' title='bbox 857 2504 1111 2555; x_wconf 85' lang='lat' dir='ltr'><strong>rationem</strong></span> <span class='ocrx_word' id='word_1_165' title='bbox 1135 2506 1385 2557; x_wconf 86' lang='lat' dir='ltr'><strong>bonorum</strong></span> 
     </span>
     <span class='ocr_line' id='line_1_33' title="bbox 330 2579 1383 2647; baseline 0.006 -21"><span class='ocrx_word' id='word_1_166' title='bbox 330 2591 447 2643; x_wconf 73' lang='lat' dir='ltr'><strong>quae</strong></span> <span class='ocrx_word' id='word_1_167' title='bbox 468 2579 588 2628; x_wconf 86' lang='lat' dir='ltr'><strong>olim</strong></span> <span class='ocrx_word' id='word_1_168' title='bbox 623 2579 795 2643; x_wconf 84' lang='lat' dir='ltr'><strong>habui,</strong></span> <span class='ocrx_word' id='word_1_169' title='bbox 816 2594 1032 2645; x_wconf 68' lang='lat' dir='ltr'><strong>quaeque</strong></span> <span class='ocrx_word' id='word_1_170' title='bbox 1055 2581 1243 2647; x_wconf 81' lang='lat' dir='ltr'><strong>aliquis</strong></span> <span class='ocrx_word' id='word_1_171' title='bbox 1265 2583 1383 2632; x_wconf 84' lang='lat' dir='ltr'><strong>mihi</strong></span> 
     </span>
     <span class='ocr_line' id='line_1_34' title="bbox 326 2655 1387 2719; baseline 0.007 -18"><span class='ocrx_word' id='word_1_172' title='bbox 326 2659 642 2705; x_wconf 75' lang='lat' dir='ltr'><strong>testamento</strong></span> <span class='ocrx_word' id='word_1_173' title='bbox 679 2655 902 2719; x_wconf 73' lang='lat' dir='ltr'><strong>legarit:</strong></span> <span class='ocrx_word' id='word_1_174' title='bbox 953 2669 1073 2706; x_wconf 88' lang='lat' dir='ltr'><strong>nam</strong></span> <span class='ocrx_word' id='word_1_175' title='bbox 1118 2658 1249 2707; x_wconf 83' lang='lat' dir='ltr'><strong>male</strong></span> <span class='ocrx_word' id='word_1_176' title='bbox 1291 2659 1387 2708; x_wconf 89' lang='lat' dir='ltr'><strong>tibi</strong></span> 
     </span>
     <span class='ocr_line' id='line_1_35' title="bbox 326 2736 579 2781; baseline 0.02 -5"><span class='ocrx_word' id='word_1_177' title='bbox 326 2736 579 2781; x_wconf 79' lang='lat' dir='ltr'><strong>verteret.</strong></span> 
     </span>
    </p>

    <p class='ocr_par' dir='ltr' id='par_1_23' title="bbox 320 2807 1385 3087">
     <span class='ocr_line' id='line_1_36' title="bbox 390 2807 1385 2875; baseline 0.004 -19"><span class='ocrx_word' id='word_1_178' title='bbox 390 2810 458 2856; x_wconf 75' lang='lat'><strong>66</strong></span> <span class='ocrx_word' id='word_1_179' title='bbox 493 2807 696 2871; x_wconf 65' lang='lat' dir='ltr'><strong>Tadius]</strong></span> <span class='ocrx_word' id='word_1_180' title='bbox 744 2807 792 2858; x_wconf 82' lang='lat' dir='ltr'><strong>E</strong></span> <span class='ocrx_word' id='word_1_181' title='bbox 815 2808 1091 2873; x_wconf 83' lang='lat' dir='ltr'><strong>majoribus</strong></span> <span class='ocrx_word' id='word_1_182' title='bbox 1112 2811 1385 2875; x_wconf 85' lang='lat' dir='ltr'><strong>quispiam,</strong></span> 
     </span>
     <span class='ocr_line' id='line_1_37' title="bbox 326 2883 1384 2952; baseline 0.006 -21"><span class='ocrx_word' id='word_1_183' title='bbox 326 2883 410 2931; x_wconf 77' lang='lat' dir='ltr'><strong>vel</strong></span> <span class='ocrx_word' id='word_1_184' title='bbox 435 2883 653 2948; x_wconf 76' lang='lat' dir='ltr'><strong>quilibet</strong></span> <span class='ocrx_word' id='word_1_185' title='bbox 675 2883 804 2933; x_wconf 83' lang='lat' dir='ltr'><strong>alius</strong></span> <span class='ocrx_word' id='word_1_186' title='bbox 829 2890 1068 2936; x_wconf 82' lang='lat' dir='ltr'><strong>testator.</strong></span> <span class='ocrx_word' id='word_1_187' title='bbox 1144 2888 1384 2952; x_wconf 85' lang='lat' dir='ltr'><strong>Metony·</strong></span> 
     </span>
     <span class='ocr_line' id='line_1_38' title="bbox 320 2959 1383 3026; baseline 0.007 -18"><span class='ocrx_word' id='word_1_188' title='bbox 320 2959 444 3009; x_wconf 86' lang='lat' dir='ltr'><strong>mia.</strong></span> <span class='ocrx_word' id='word_1_189' title='bbox 484 2959 711 3011; x_wconf 74' lang='lat' dir='ltr'><strong>Quidam</strong></span> <span class='ocrx_word' id='word_1_190' title='bbox 732 2960 939 3012; x_wconf 77' lang='lat' dir='ltr'><strong>codices</strong></span> <span class='ocrx_word' id='word_1_191' title='bbox 960 2962 1169 3025; x_wconf 83' lang='lat' dir='ltr'><strong>babent,</strong></span> <span class='ocrx_word' id='word_1_192' title='bbox 1185 2963 1383 3026; x_wconf 68' lang='lat' dir='ltr'><strong>Seuius,-</strong></span> 
     </span>
     <span class='ocr_line' id='line_1_39' title="bbox 325 3036 670 3098; baseline 0.012 -14"><span class='ocrx_word' id='word_1_193' title='bbox 325 3037 433 3098; x_wconf 82' lang='lat' dir='ltr'><strong>aiii,</strong></span> <span class='ocrx_word' id='word_1_194' title='bbox 456 3036 670 3087; x_wconf 63' lang='lat' dir='ltr'><strong>&amp;adins-</strong></span> 
     </span>
    </p>

    <p class='ocr_par' dir='ltr' id='par_1_24' title="bbox 321 3114 1380 3410">
     <span class='ocr_line' id='line_1_40' title="bbox 391 3114 1380 3186; baseline 0.008 -23"><span class='ocrx_word' id='word_1_195' title='bbox 391 3114 496 3164; x_wconf 77' lang='lat' dir='ltr'><strong>Nec</strong></span> <span class='ocrx_word' id='word_1_196' title='bbox 526 3117 655 3165; x_wconf 70' lang='lat' dir='ltr'><strong>dieta</strong></span> <span class='ocrx_word' id='word_1_197' title='bbox 688 3131 857 3181; x_wconf 72' lang='lat' dir='ltr'><strong>repone</strong></span> <span class='ocrx_word' id='word_1_198' title='bbox 895 3119 1116 3183; x_wconf 63' lang='lat' dir='ltr'><strong>puertia]</strong></span> <span class='ocrx_word' id='word_1_199' title='bbox 1189 3121 1380 3186; x_wconf 85' lang='lat' dir='ltr'><strong>Neque</strong></span> 
     </span>
     <span class='ocr_line' id='line_1_41' title="bbox 321 3190 1380 3258; baseline 0.008 -19"><span class='ocrx_word' id='word_1_200' title='bbox 321 3190 447 3239; x_wconf 75' lang='lat' dir='ltr'><strong>mihi</strong></span> <span class='ocrx_word' id='word_1_201' title='bbox 484 3192 665 3256; x_wconf 82' lang='lat' dir='ltr'><strong>ingere</strong></span> <span class='ocrx_word' id='word_1_202' title='bbox 686 3199 744 3244; x_wconf 86' lang='lat' dir='ltr'><strong>et</strong></span> <span class='ocrx_word' id='word_1_203' title='bbox 770 3194 941 3258; x_wconf 74' lang='lat' dir='ltr'><strong>objice</strong></span> <span class='ocrx_word' id='word_1_204' title='bbox 977 3197 1173 3247; x_wconf 82' lang='lat' dir='ltr'><strong>monita</strong></span> <span class='ocrx_word' id='word_1_205' title='bbox 1202 3196 1380 3247; x_wconf 78' lang='lat' dir='ltr'><strong>liberis</strong></span> 
     </span>
     <span class='ocr_line' id='line_1_42' title="bbox 325 3266 1379 3339; baseline 0.008 -24"><span class='ocrx_word' id='word_1_206' title='bbox 325 3268 477 3316; x_wconf 82' lang='lat' dir='ltr'><strong>solita</strong></span> <span class='ocrx_word' id='word_1_207' title='bbox 498 3266 609 3316; x_wconf 83' lang='lat' dir='ltr'><strong>dari</strong></span> <span class='ocrx_word' id='word_1_208' title='bbox 632 3283 663 3317; x_wconf 87' lang='lat' dir='ltr'><strong>a</strong></span> <span class='ocrx_word' id='word_1_209' title='bbox 686 3270 919 3332; x_wconf 83' lang='lat' dir='ltr'><strong>patribus</strong></span> <span class='ocrx_word' id='word_1_210' title='bbox 939 3272 1141 3321; x_wconf 81' lang='lat' dir='ltr'><strong>avaris·</strong></span> <span class='ocrx_word' id='word_1_211' title='bbox 1126 3308 1142 3333; x_wconf 91' lang='lat'>‚</span> <span class='ocrx_word' id='word_1_212' title='bbox 1177 3273 1244 3322; x_wconf 87' lang='lat' dir='ltr'><strong>de</strong></span> <span class='ocrx_word' id='word_1_213' title='bbox 1269 3274 1379 3339; x_wconf 89' lang='lat' dir='ltr'><strong>qui·</strong></span> 
     </span>
     <span class='ocr_line' id='line_1_43' title="bbox 324 3342 1379 3410; baseline 0.007 -19"><span class='ocrx_word' id='word_1_214' title='bbox 324 3342 419 3392; x_wconf 78' lang='lat' dir='ltr'><strong>bus</strong></span> <span class='ocrx_word' id='word_1_215' title='bbox 453 3343 700 3395; x_wconf 81' lang='lat' dir='ltr'><strong>Horatius</strong></span> <span class='ocrx_word' id='word_1_216' title='bbox 722 3346 888 3410; x_wconf 79' lang='lat' dir='ltr'><strong>Epist.</strong></span> <span class='ocrx_word' id='word_1_217' title='bbox 908 3360 948 3396; x_wconf 86' lang='lat'><strong>1.</strong></span> <span class='ocrx_word' id='word_1_218' title='bbox 970 3351 1017 3397; x_wconf 85' lang='lat'><strong>1.</strong></span> <span class='ocrx_word' id='word_1_219' title='bbox 1039 3349 1058 3376; x_wconf 80' lang='lat'><em>⁴</em></span> <span class='ocrx_word' id='word_1_220' title='bbox 1084 3349 1379 3401; x_wconf 72' lang='lat' dir='ltr'><strong>Quaerenda</strong></span> 
     </span>
    </p>

    <p class='ocr_par' dir='ltr' id='par_1_25' title="bbox 304 3415 1380 3946">
     <span class='ocr_line' id='line_1_44' title="bbox 304 3415 1380 3488; baseline 0.007 -21"><span class='ocrx_word' id='word_1_221' title='bbox 304 3415 546 3482; x_wconf 75' lang='lat' dir='ltr'><strong>&#39;pecunia</strong></span> <span class='ocrx_word' id='word_1_222' title='bbox 583 3420 801 3485; x_wconf 83' lang='lat' dir='ltr'><strong>primum</strong></span> <span class='ocrx_word' id='word_1_223' title='bbox 846 3428 969 3482; x_wconf 86' lang='lat' dir='ltr'><strong>est;</strong></span> <span class='ocrx_word' id='word_1_224' title='bbox 1026 3423 1205 3472; x_wconf 79' lang='lat' dir='ltr'><strong>Virtus</strong></span> <span class='ocrx_word' id='word_1_225' title='bbox 1255 3432 1380 3488; x_wconf 86' lang='lat' dir='ltr'><strong>post</strong></span> 
     </span>
     <span class='ocr_line' id='line_1_45' title="bbox 312 3498 1379 3552; baseline 0.007 -7"><span class='ocrx_word' id='word_1_226' title='bbox 312 3507 585 3547; x_wconf 76' lang='lat' dir='ltr'><strong>nummos:</strong></span> <span class='ocrx_word' id='word_1_227' title='bbox 619 3499 731 3548; x_wconf 75' lang='lat' dir='ltr'><strong>haec</strong></span> <span class='ocrx_word' id='word_1_228' title='bbox 754 3498 921 3550; x_wconf 79' lang='lat' dir='ltr'><strong>Janua</strong></span> <span class='ocrx_word' id='word_1_229' title='bbox 941 3513 1164 3549; x_wconf 88' lang='lat' dir='ltr'><strong>summus</strong></span> <span class='ocrx_word' id='word_1_230' title='bbox 1189 3500 1254 3550; x_wconf 77' lang='lat' dir='ltr'><strong>ab</strong></span> <span class='ocrx_word' id='word_1_231' title='bbox 1276 3501 1379 3552; x_wconf 87' lang='lat' dir='ltr'><strong>imo</strong></span> 
     </span>
     <span class='ocr_line' id='line_1_46' title="bbox 322 3571 1378 3639; baseline 0.007 -19"><span class='ocrx_word' id='word_1_232' title='bbox 322 3571 622 3635; x_wconf 82' lang='lat' dir='ltr'><strong>Perdoeet3</strong></span> <span class='ocrx_word' id='word_1_233' title='bbox 652 3575 763 3623; x_wconf 74' lang='lat' dir='ltr'><strong>haee</strong></span> <span class='ocrx_word' id='word_1_234' title='bbox 785 3575 1020 3625; x_wconf 84' lang='lat' dir='ltr'><strong>recinunt</strong></span> <span class='ocrx_word' id='word_1_235' title='bbox 1038 3576 1378 3639; x_wconf 81' lang='lat' dir='ltr'><strong>juvenesdie-</strong></span> 
     </span>
     <span class='ocr_line' id='line_1_47' title="bbox 318 3651 1375 3715; baseline 0.004 -17"><span class='ocrx_word' id='word_1_236' title='bbox 318 3655 448 3711; x_wconf 77' lang='lat' dir='ltr'><strong>tata,</strong></span> <span class='ocrx_word' id='word_1_237' title='bbox 471 3664 724 3715; x_wconf 83' lang='lat' dir='ltr'><strong>senesque</strong></span> <span class='ocrx_word' id='word_1_238' title='bbox 746 3651 905 3700; x_wconf 79' lang='lat' dir='ltr'><strong>Laevo</strong></span> <span class='ocrx_word' id='word_1_239' title='bbox 925 3652 1161 3714; x_wconf 81' lang='lat' dir='ltr'><strong>suspensi</strong></span> <span class='ocrx_word' id='word_1_240' title='bbox 1181 3653 1375 3702; x_wconf 80' lang='lat' dir='ltr'><strong>loculos</strong></span> 
     </span>
     <span class='ocr_line' id='line_1_48' title="bbox 321 3727 1374 3793; baseline 0.005 -17"><span class='ocrx_word' id='word_1_241' title='bbox 321 3727 650 3793; x_wconf 81' lang='lat' dir='ltr'><strong>tabulamque</strong></span> <span class='ocrx_word' id='word_1_242' title='bbox 683 3727 913 3778; x_wconf 69' lang='lat' dir='ltr'><strong>lacerto!</strong></span> <span class='ocrx_word' id='word_1_243' title='bbox 996 3729 1068 3778; x_wconf 80' lang='lat' dir='ltr'><strong>Et</strong></span> <span class='ocrx_word' id='word_1_244' title='bbox 1104 3728 1374 3781; x_wconf 81' lang='lat' dir='ltr'><strong>Juvenalis</strong></span> 
     </span>
     <span class='ocr_line' id='line_1_49' title="bbox 314 3801 1372 3865; baseline 0.006 -15"><span class='ocrx_word' id='word_1_245' title='bbox 314 3801 447 3865; x_wconf 76' lang='lat' dir='ltr'><strong>fuse,</strong></span> <span class='ocrx_word' id='word_1_246' title='bbox 490 3804 602 3854; x_wconf 84' lang='lat' dir='ltr'><strong>Sat.</strong></span> <span class='ocrx_word' id='word_1_247' title='bbox 647 3816 767 3854; x_wconf 70' lang='lat' dir='ltr'><strong>xiv.</strong></span> <span class='ocrx_word' id='word_1_248' title='bbox 811 3806 827 3832; x_wconf 77' lang='lat'>⁸</span> <span class='ocrx_word' id='word_1_249' title='bbox 845 3805 1080 3856; x_wconf 58' lang='lat' dir='ltr'><strong>‚iuvenes</strong></span> <span class='ocrx_word' id='word_1_250' title='bbox 1118 3805 1372 3857; x_wconf 81' lang='lat' dir='ltr'><strong>hortatur.</strong></span> 
     </span>
     <span class='ocr_line' id='line_1_50' title="bbox 316 3880 1370 3946; baseline 0.005 -17"><span class='ocrx_word' id='word_1_251' title='bbox 316 3880 540 3944; x_wconf 81' lang='lat' dir='ltr'><strong>—Cogit</strong></span> <span class='ocrx_word' id='word_1_252' title='bbox 558 3880 792 3931; x_wconf 84' lang='lat' dir='ltr'><strong>minimas</strong></span> <span class='ocrx_word' id='word_1_253' title='bbox 803 3880 1038 3945; x_wconf 73' lang='lat' dir='ltr'><strong>ediscere</strong></span> <span class='ocrx_word' id='word_1_254' title='bbox 1053 3881 1370 3946; x_wconf 77' lang='lat' dir='ltr'><strong>sordes‚’&amp;e.</strong></span> 
     </span>
    </p>

    <p class='ocr_par' dir='ltr' id='par_1_26' title="bbox 309 3955 1373 4315">
     <span class='ocr_line' id='line_1_51' title="bbox 380 3955 1371 4020; baseline 0.007 -18"><span class='ocrx_word' id='word_1_255' title='bbox 380 3955 613 4020; x_wconf 72' lang='lat' dir='ltr'><strong>Paterna]</strong></span> <span class='ocrx_word' id='word_1_256' title='bbox 642 3956 789 4006; x_wconf 87' lang='lat' dir='ltr'><strong>Bene</strong></span> <span class='ocrx_word' id='word_1_257' title='bbox 824 3963 1002 4007; x_wconf 82' lang='lat' dir='ltr'><strong>mouet</strong></span> <span class='ocrx_word' id='word_1_258' title='bbox 1020 3969 1023 3972; x_wconf 71' lang='grc'><strong><em>’</em></strong></span> <span class='ocrx_word' id='word_1_259' title='bbox 1039 3958 1371 4009; x_wconf 88' lang='lat' dir='ltr'><strong>Casaubouus</strong></span> 
     </span>
     <span class='ocr_line' id='line_1_52' title="bbox 311 4029 1373 4100; baseline 0.006 -22"><span class='ocrx_word' id='word_1_260' title='bbox 311 4029 381 4078; x_wconf 87' lang='lat' dir='ltr'><strong>de</strong></span> <span class='ocrx_word' id='word_1_261' title='bbox 400 4043 491 4080; x_wconf 76' lang='lat' dir='ltr'><strong>suo</strong></span> <span class='ocrx_word' id='word_1_262' title='bbox 512 4037 662 4095; x_wconf 81' lang='lat' dir='ltr'><strong>patre</strong></span> <span class='ocrx_word' id='word_1_263' title='bbox 693 4046 797 4082; x_wconf 90' lang='lat' dir='ltr'><strong>non</strong></span> <span class='ocrx_word' id='word_1_264' title='bbox 827 4033 970 4098; x_wconf 84' lang='lat' dir='ltr'><strong>loqui</strong></span> <span class='ocrx_word' id='word_1_265' title='bbox 1003 4034 1257 4100; x_wconf 86' lang='lat' dir='ltr'><strong>Persium,</strong></span> <span class='ocrx_word' id='word_1_266' title='bbox 1286 4035 1373 4100; x_wconf 90' lang='lat' dir='ltr'><strong>qui</strong></span> 
     </span>
     <span class='ocr_line' id='line_1_53' title="bbox 311 4107 1373 4173; baseline 0.008 -20"><span class='ocrx_word' id='word_1_267' title='bbox 311 4118 446 4168; x_wconf 77' lang='lat' dir='ltr'><strong>puer</strong></span> <span class='ocrx_word' id='word_1_268' title='bbox 462 4107 700 4157; x_wconf 79' lang='lat' dir='ltr'><strong>sexennis</strong></span> <span class='ocrx_word' id='word_1_269' title='bbox 721 4109 962 4159; x_wconf 78' lang='lat' dir='ltr'><strong>amiserat</strong></span> <span class='ocrx_word' id='word_1_270' title='bbox 990 4115 1194 4173; x_wconf 83' lang='lat' dir='ltr'><strong>patrem</strong></span> <span class='ocrx_word' id='word_1_271' title='bbox 1227 4111 1373 4162; x_wconf 81' lang='lat' dir='ltr'><strong>Flac·</strong></span> 
     </span>
     <span class='ocr_line' id='line_1_54' title="bbox 309 4185 1373 4248; baseline 0.01 -18"><span class='ocrx_word' id='word_1_272' title='bbox 309 4197 466 4242; x_wconf 81' lang='lat' dir='ltr'><strong>cum3</strong></span> <span class='ocrx_word' id='word_1_273' title='bbox 500 4185 649 4248; x_wconf 86' lang='lat' dir='ltr'><strong>cujus</strong></span> <span class='ocrx_word' id='word_1_274' title='bbox 688 4190 744 4234; x_wconf 87' lang='lat' dir='ltr'><strong>et</strong></span> <span class='ocrx_word' id='word_1_275' title='bbox 777 4185 931 4236; x_wconf 73' lang='lat' dir='ltr'><strong>famae</strong></span> <span class='ocrx_word' id='word_1_276' title='bbox 966 4201 1066 4238; x_wconf 86' lang='lat' dir='ltr'><strong>uec</strong></span> <span class='ocrx_word' id='word_1_277' title='bbox 1098 4187 1373 4243; x_wconf 77' lang='lat' dir='ltr'><strong>detrahere</strong></span> 
     </span>
     <span class='ocr_line' id='line_1_55' title="bbox 311 4256 1199 4315; baseline 0.003 -8"><span class='ocrx_word' id='word_1_278' title='bbox 311 4256 508 4309; x_wconf 77' lang='lat' dir='ltr'><strong>debeat</strong></span> <span class='ocrx_word' id='word_1_279' title='bbox 523 4272 624 4313; x_wconf 75' lang='lat' dir='ltr'><strong>aec</strong></span> <span class='ocrx_word' id='word_1_280' title='bbox 643 4259 772 4312; x_wconf 80' lang='lat' dir='ltr'><strong>velit</strong></span> <span class='ocrx_word' id='word_1_281' title='bbox 790 4261 951 4315; x_wconf 81' lang='lat' dir='ltr'><strong>bonus</strong></span> <span class='ocrx_word' id='word_1_282' title='bbox 972 4261 1124 4314; x_wconf 75' lang='lat' dir='ltr'><strong>fliius.</strong></span> <span class='ocrx_word' id='word_1_283' title='bbox 1194 4303 1199 4310; x_wconf 87' lang='lat'>.</span> 
     </span>
    </p>
   </div>
   <div class='ocr_carea' id='block_1_22' title="bbox 1452 2044 2541 4328">
    <p class='ocr_par' dir='ltr' id='par_1_27' title="bbox 1472 2044 2541 2337">
     <span class='ocr_line' id='line_1_56' title="bbox 1475 2044 2540 2109; baseline 0.004 -16"><span class='ocrx_word' id='word_1_284' title='bbox 1475 2060 1682 2094; x_wconf 79' lang='lat' dir='ltr'><strong>usuram</strong></span> <span class='ocrx_word' id='word_1_285' title='bbox 1722 2044 1972 2104; x_wconf 80' lang='lat' dir='ltr'><strong>nummis3</strong></span> <span class='ocrx_word' id='word_1_286' title='bbox 2023 2051 2181 2109; x_wconf 85' lang='lat' dir='ltr'><strong>atque</strong></span> <span class='ocrx_word' id='word_1_287' title='bbox 2227 2059 2322 2109; x_wconf 84' lang='lat' dir='ltr'><strong>pro</strong></span> <span class='ocrx_word' id='word_1_288' title='bbox 2360 2053 2540 2098; x_wconf 89' lang='lat' dir='ltr'><strong>mutuo</strong></span> 
     </span>
     <span class='ocr_line' id='line_1_57' title="bbox 1472 2120 2541 2185; baseline 0.003 -15"><span class='ocrx_word' id='word_1_289' title='bbox 1472 2121 1768 2172; x_wconf 80' lang='lat' dir='ltr'><strong>mercedem</strong></span> <span class='ocrx_word' id='word_1_290' title='bbox 1791 2135 1919 2185; x_wconf 77' lang='lat' dir='ltr'><strong>cape</strong></span> <span class='ocrx_word' id='word_1_291' title='bbox 1939 2136 1954 2169; x_wconf 70' lang='grc' dir='ltr'>ι</span> <span class='ocrx_word' id='word_1_292' title='bbox 1989 2128 2081 2171; x_wconf 86' lang='lat' dir='ltr'><strong>aut</strong></span> <span class='ocrx_word' id='word_1_293' title='bbox 2118 2120 2279 2170; x_wconf 82' lang='lat' dir='ltr'><strong>verba</strong></span> <span class='ocrx_word' id='word_1_294' title='bbox 2298 2129 2419 2171; x_wconf 82' lang='lat' dir='ltr'><strong>sunt</strong></span> <span class='ocrx_word' id='word_1_295' title='bbox 2439 2123 2541 2173; x_wconf 61' lang='grc' dir='ltr'><strong>Ιη-</strong></span> 
     </span>
     <span class='ocr_line' id='line_1_58' title="bbox 1475 2197 2540 2263; baseline 0.002 -16"><span class='ocrx_word' id='word_1_296' title='bbox 1475 2198 1614 2247; x_wconf 84' lang='lat' dir='ltr'><strong>redis</strong></span> <span class='ocrx_word' id='word_1_297' title='bbox 1638 2212 1753 2247; x_wconf 88' lang='lat' dir='ltr'><strong>cum</strong></span> <span class='ocrx_word' id='word_1_298' title='bbox 1790 2198 1975 2247; x_wconf 86' lang='lat' dir='ltr'><strong>Persio</strong></span> <span class='ocrx_word' id='word_1_299' title='bbox 2008 2197 2260 2247; x_wconf 83' lang='lat' dir='ltr'><strong>rationem</strong></span> <span class='ocrx_word' id='word_1_300' title='bbox 2294 2198 2540 2263; x_wconf 81' lang='lat' dir='ltr'><strong>ineuntis,</strong></span> 
     </span>
     <span class='ocr_line' id='line_1_59' title="bbox 1472 2272 2084 2337; baseline 0.002 -16"><span class='ocrx_word' id='word_1_301' title='bbox 1472 2278 1534 2323; x_wconf 89' lang='lat' dir='ltr'><strong>ut</strong></span> <span class='ocrx_word' id='word_1_302' title='bbox 1552 2288 1671 2323; x_wconf 82' lang='lat' dir='ltr'><strong>mox</strong></span> <span class='ocrx_word' id='word_1_303' title='bbox 1692 2272 2084 2337; x_wconf 78' lang='lat' dir='ltr'><strong>explicabimus.</strong></span> 
     </span>
    </p>

    <p class='ocr_par' dir='ltr' id='par_1_28' title="bbox 1460 2348 2538 3334">
     <span class='ocr_line' id='line_1_60' title="bbox 1535 2348 2537 2410; baseline 0.005 -12"><span class='ocrx_word' id='word_1_304' title='bbox 1535 2349 1670 2399; x_wconf 75' lang='lat' dir='ltr'><strong>Hinc</strong></span> <span class='ocrx_word' id='word_1_305' title='bbox 1691 2351 1845 2399; x_wconf 73' lang='lat' dir='ltr'><strong>exime</strong></span> <span class='ocrx_word' id='word_1_306' title='bbox 1860 2348 2064 2410; x_wconf 63' lang='lat' dir='ltr'><strong>unns]</strong></span> <span class='ocrx_word' id='word_1_307' title='bbox 2098 2349 2341 2399; x_wconf 84' lang='lat' dir='ltr'><strong>Fortasse</strong></span> <span class='ocrx_word' id='word_1_308' title='bbox 2359 2356 2416 2401; x_wconf 86' lang='lat' dir='ltr'><strong>et</strong></span> <span class='ocrx_word' id='word_1_309' title='bbox 2438 2350 2537 2403; x_wconf 78' lang='lat' dir='ltr'><strong>hoe</strong></span> 
     </span>
     <span class='ocr_line' id='line_1_61' title="bbox 1467 2428 2537 2493; baseline 0.004 -17"><span class='ocrx_word' id='word_1_310' title='bbox 1467 2428 1718 2478; x_wconf 87' lang='lat' dir='ltr'><strong>monitum</strong></span> <span class='ocrx_word' id='word_1_311' title='bbox 1752 2433 1834 2477; x_wconf 79' lang='lat' dir='ltr'><strong>est</strong></span> <span class='ocrx_word' id='word_1_312' title='bbox 1876 2434 2180 2491; x_wconf 83' lang='lat' dir='ltr'><strong>paternum:</strong></span> <span class='ocrx_word' id='word_1_313' title='bbox 2213 2441 2280 2475; x_wconf 90' lang='lat' dir='ltr'><strong>ne</strong></span> <span class='ocrx_word' id='word_1_314' title='bbox 2300 2428 2422 2493; x_wconf 90' lang='lat' dir='ltr'><strong>quid</strong></span> <span class='ocrx_word' id='word_1_315' title='bbox 2447 2428 2537 2480; x_wconf 84' lang='lat' dir='ltr'><strong>de-</strong></span> 
     </span>
     <span class='ocr_line' id='line_1_62' title="bbox 1467 2503 2535 2570; baseline 0.003 -18"><span class='ocrx_word' id='word_1_316' title='bbox 1467 2505 1616 2553; x_wconf 84' lang='lat' dir='ltr'><strong>trahe</strong></span> <span class='ocrx_word' id='word_1_317' title='bbox 1639 2505 1766 2554; x_wconf 84' lang='lat' dir='ltr'><strong>sorti</strong></span> <span class='ocrx_word' id='word_1_318' title='bbox 1787 2503 2005 2567; x_wconf 86' lang='lat' dir='ltr'><strong>capitali</strong></span> <span class='ocrx_word' id='word_1_319' title='bbox 2040 2503 2305 2568; x_wconf 84' lang='lat' dir='ltr'><strong>bonorum,</strong></span> <span class='ocrx_word' id='word_1_320' title='bbox 2327 2506 2419 2554; x_wconf 73' lang='lat' dir='ltr'><strong>sed</strong></span> <span class='ocrx_word' id='word_1_321' title='bbox 2443 2521 2535 2570; x_wconf 82' lang='lat' dir='ltr'><strong>po-</strong></span> 
     </span>
     <span class='ocr_line' id='line_1_63' title="bbox 1469 2579 2538 2633; baseline 0.003 -4"><span class='ocrx_word' id='word_1_322' title='bbox 1469 2580 1574 2629; x_wconf 87' lang='lat' dir='ltr'><strong>tius</strong></span> <span class='ocrx_word' id='word_1_323' title='bbox 1595 2595 1625 2629; x_wconf 87' lang='lat' dir='ltr'><strong>e</strong></span> <span class='ocrx_word' id='word_1_324' title='bbox 1647 2579 1845 2630; x_wconf 81' lang='lat' dir='ltr'><strong>foenore</strong></span> <span class='ocrx_word' id='word_1_325' title='bbox 1867 2586 1923 2629; x_wconf 89' lang='lat' dir='ltr'><strong>et</strong></span> <span class='ocrx_word' id='word_1_326' title='bbox 1956 2579 2122 2629; x_wconf 86' lang='lat' dir='ltr'><strong>usuris</strong></span> <span class='ocrx_word' id='word_1_327' title='bbox 2142 2579 2274 2629; x_wconf 81' lang='lat' dir='ltr'><strong>habe</strong></span> <span class='ocrx_word' id='word_1_328' title='bbox 2297 2589 2353 2630; x_wconf 85' lang='lat' dir='ltr'><strong>et</strong></span> <span class='ocrx_word' id='word_1_329' title='bbox 2386 2581 2538 2633; x_wconf 84' lang='lat' dir='ltr'><strong>desu-</strong></span> 
     </span>
     <span class='ocr_line' id='line_1_64' title="bbox 1468 2657 2532 2712; baseline 0.005 -5"><span class='ocrx_word' id='word_1_330' title='bbox 1468 2673 1552 2708; x_wconf 88' lang='lat' dir='ltr'><strong>me</strong></span> <span class='ocrx_word' id='word_1_331' title='bbox 1590 2659 1907 2709; x_wconf 76' lang='lat' dir='ltr'><strong>necessarios</strong></span> <span class='ocrx_word' id='word_1_332' title='bbox 1946 2658 2145 2709; x_wconf 80' lang='lat' dir='ltr'><strong>aiendae</strong></span> <span class='ocrx_word' id='word_1_333' title='bbox 2167 2657 2373 2709; x_wconf 73' lang='lat' dir='ltr'><strong>famiiiae</strong></span> <span class='ocrx_word' id='word_1_334' title='bbox 2396 2675 2532 2712; x_wconf 79' lang='lat' dir='ltr'><strong>sum·</strong></span> 
     </span>
     <span class='ocr_line' id='line_1_65' title="bbox 1468 2734 2531 2795; baseline 0.002 -11"><span class='ocrx_word' id='word_1_335' title='bbox 1468 2742 1567 2786; x_wconf 86' lang='lat' dir='ltr'><strong>tus.</strong></span> <span class='ocrx_word' id='word_1_336' title='bbox 1636 2736 1735 2785; x_wconf 83' lang='lat' dir='ltr'><strong>Vel</strong></span> <span class='ocrx_word' id='word_1_337' title='bbox 1758 2736 1977 2785; x_wconf 64' lang='lat' dir='ltr'><strong>heredis</strong></span> <span class='ocrx_word' id='word_1_338' title='bbox 2001 2734 2157 2785; x_wconf 79' lang='lat' dir='ltr'><strong>verba</strong></span> <span class='ocrx_word' id='word_1_339' title='bbox 2179 2743 2315 2795; x_wconf 82' lang='lat' dir='ltr'><strong>suut,</strong></span> <span class='ocrx_word' id='word_1_340' title='bbox 2337 2744 2393 2786; x_wconf 89' lang='lat' dir='ltr'><strong>et</strong></span> <span class='ocrx_word' id='word_1_341' title='bbox 2417 2751 2531 2786; x_wconf 85' lang='lat' dir='ltr'><strong>seu·</strong></span> 
     </span>
     <span class='ocr_line' id='line_1_66' title="bbox 1465 2811 2533 2878; baseline 0.003 -18"><span class='ocrx_word' id='word_1_342' title='bbox 1465 2826 1552 2861; x_wconf 85' lang='lat' dir='ltr'><strong>sus</strong></span> <span class='ocrx_word' id='word_1_343' title='bbox 1570 2811 1698 2862; x_wconf 81' lang='lat' dir='ltr'><strong>erit:</strong></span> <span class='ocrx_word' id='word_1_344' title='bbox 1741 2818 2096 2876; x_wconf 78' lang='lat' dir='ltr'><strong>computemus</strong></span> <span class='ocrx_word' id='word_1_345' title='bbox 2119 2827 2234 2877; x_wconf 81' lang='lat' dir='ltr'><strong>quae</strong></span> <span class='ocrx_word' id='word_1_346' title='bbox 2258 2819 2314 2862; x_wconf 86' lang='lat' dir='ltr'><strong>et</strong></span> <span class='ocrx_word' id='word_1_347' title='bbox 2335 2821 2533 2878; x_wconf 84' lang='lat' dir='ltr'><strong>quanta</strong></span> 
     </span>
     <span class='ocr_line' id='line_1_67' title="bbox 1466 2888 2532 2954; baseline 0.001 -15"><span class='ocrx_word' id='word_1_348' title='bbox 1466 2888 1577 2939; x_wconf 79' lang='lat' dir='ltr'><strong>sive</strong></span> <span class='ocrx_word' id='word_1_349' title='bbox 1599 2903 1628 2939; x_wconf 93' lang='lat' dir='ltr'><strong>e</strong></span> <span class='ocrx_word' id='word_1_350' title='bbox 1662 2890 1989 2954; x_wconf 85' lang='lat' dir='ltr'><strong>patrimonio,</strong></span> <span class='ocrx_word' id='word_1_351' title='bbox 2009 2904 2100 2939; x_wconf 85' lang='lat' dir='ltr'><strong>seu</strong></span> <span class='ocrx_word' id='word_1_352' title='bbox 2123 2903 2152 2937; x_wconf 90' lang='lat' dir='ltr'><strong>e</strong></span> <span class='ocrx_word' id='word_1_353' title='bbox 2176 2889 2359 2953; x_wconf 76' lang='lat' dir='ltr'><strong>legatis</strong></span> <span class='ocrx_word' id='word_1_354' title='bbox 2380 2890 2532 2941; x_wconf 79' lang='lat' dir='ltr'><strong>Tadii</strong></span> 
     </span>
     <span class='ocr_line' id='line_1_68' title="bbox 1464 2965 2531 3029; baseline 0.006 -17"><span class='ocrx_word' id='word_1_355' title='bbox 1464 2973 1647 3013; x_wconf 85' lang='lat' dir='ltr'><strong>nactus</strong></span> <span class='ocrx_word' id='word_1_356' title='bbox 1682 2979 1755 3029; x_wconf 87' lang='lat' dir='ltr'><strong>es,</strong></span> <span class='ocrx_word' id='word_1_357' title='bbox 1791 2979 1822 3015; x_wconf 91' lang='lat' dir='ltr'><strong>o</strong></span> <span class='ocrx_word' id='word_1_358' title='bbox 1846 2965 2028 3025; x_wconf 77' lang='lat' dir='ltr'><strong>Persi3</strong></span> <span class='ocrx_word' id='word_1_359' title='bbox 2073 2965 2152 3014; x_wconf 81' lang='lat' dir='ltr'><strong>his</strong></span> <span class='ocrx_word' id='word_1_360' title='bbox 2191 2965 2449 3016; x_wconf 83' lang='lat' dir='ltr'><strong>addantur</strong></span> <span class='ocrx_word' id='word_1_361' title='bbox 2471 2974 2531 3018; x_wconf 87' lang='lat' dir='ltr'><strong>et</strong></span> 
     </span>
     <span class='ocr_line' id='line_1_69' title="bbox 1464 3040 2528 3107; baseline 0.004 -17"><span class='ocrx_word' id='word_1_362' title='bbox 1464 3040 1719 3091; x_wconf 87' lang='lat' dir='ltr'><strong>accedant</strong></span> <span class='ocrx_word' id='word_1_363' title='bbox 1740 3056 1943 3092; x_wconf 76' lang='lat' dir='ltr'><strong>usnrae:</strong></span> <span class='ocrx_word' id='word_1_364' title='bbox 1976 3043 2086 3106; x_wconf 83' lang='lat' dir='ltr'><strong>jam</strong></span> <span class='ocrx_word' id='word_1_365' title='bbox 2121 3042 2244 3092; x_wconf 90' lang='lat' dir='ltr'><strong>inde</strong></span> <span class='ocrx_word' id='word_1_366' title='bbox 2267 3043 2528 3107; x_wconf 78' lang='lat' dir='ltr'><strong>legitimas</strong></span> 
     </span>
     <span class='ocr_line' id='line_1_70' title="bbox 1461 3116 2528 3180; baseline 0.005 -15"><span class='ocrx_word' id='word_1_367' title='bbox 1461 3116 1720 3180; x_wconf 83' lang='lat' dir='ltr'><strong>impensas</strong></span> <span class='ocrx_word' id='word_1_368' title='bbox 1764 3123 1877 3166; x_wconf 83' lang='lat' dir='ltr'><strong>tuas</strong></span> <span class='ocrx_word' id='word_1_369' title='bbox 1919 3118 2218 3166; x_wconf 77' lang='lat' dir='ltr'><strong>eximamus.</strong></span> <span class='ocrx_word' id='word_1_370' title='bbox 2300 3118 2528 3170; x_wconf 88' lang='lat' dir='ltr'><strong>Demum</strong></span> 
     </span>
     <span class='ocr_line' id='line_1_71' title="bbox 1460 3192 2531 3258; baseline -0.002 -18"><span class='ocrx_word' id='word_1_371' title='bbox 1460 3193 1728 3243; x_wconf 78' lang='lat' dir='ltr'><strong>videamus</strong></span> <span class='ocrx_word' id='word_1_372' title='bbox 1745 3192 1868 3258; x_wconf 89' lang='lat' dir='ltr'><strong>quid</strong></span> <span class='ocrx_word' id='word_1_373' title='bbox 1890 3193 1959 3241; x_wconf 86' lang='lat' dir='ltr'><strong>sit</strong></span> <span class='ocrx_word' id='word_1_374' title='bbox 1973 3192 2167 3242; x_wconf 85' lang='lat' dir='ltr'><strong>residui</strong></span> <span class='ocrx_word' id='word_1_375' title='bbox 2183 3207 2249 3242; x_wconf 81' lang='lat' dir='ltr'><strong>ex</strong></span> <span class='ocrx_word' id='word_1_376' title='bbox 2269 3192 2350 3242; x_wconf 84' lang='lat' dir='ltr'><strong>his</strong></span> <span class='ocrx_word' id='word_1_377' title='bbox 2368 3192 2531 3244; x_wconf 73' lang='lat' dir='ltr'><strong>omni.</strong></span> 
     </span>
     <span class='ocr_line' id='line_1_72' title="bbox 1461 3268 2450 3334; baseline 0.004 -17"><span class='ocrx_word' id='word_1_378' title='bbox 1461 3268 1576 3330; x_wconf 85' lang='lat' dir='ltr'><strong>bus,</strong></span> <span class='ocrx_word' id='word_1_379' title='bbox 1600 3268 1828 3334; x_wconf 83' lang='lat' dir='ltr'><strong>quidque</strong></span> <span class='ocrx_word' id='word_1_380' title='bbox 1851 3268 1973 3318; x_wconf 82' lang='lat' dir='ltr'><strong>mihi</strong></span> <span class='ocrx_word' id='word_1_381' title='bbox 1997 3269 2067 3319; x_wconf 90' lang='lat' dir='ltr'><strong>sit</strong></span> <span class='ocrx_word' id='word_1_382' title='bbox 2085 3269 2450 3321; x_wconf 83' lang='lat' dir='ltr'><strong>obventurum.</strong></span> 
     </span>
    </p>

    <p class='ocr_par' dir='ltr' id='par_1_29' title="bbox 1452 3346 2528 4099">
     <span class='ocr_line' id='line_1_73' title="bbox 1523 3346 2525 3412; baseline 0.002 -17"><span class='ocrx_word' id='word_1_383' title='bbox 1523 3350 1589 3395; x_wconf 75' lang='lat'><strong>68</strong></span> <span class='ocrx_word' id='word_1_384' title='bbox 1624 3346 1757 3402; x_wconf 67' lang='lat' dir='ltr'><strong>Quia</strong></span> <span class='ocrx_word' id='word_1_385' title='bbox 1788 3346 2022 3409; x_wconf 67' lang='lat' dir='ltr'><strong>reliqum</strong></span> <span class='ocrx_word' id='word_1_386' title='bbox 2058 3346 2155 3411; x_wconf 63' lang='lat' dir='ltr'><strong>ed]</strong></span> <span class='ocrx_word' id='word_1_387' title='bbox 2216 3347 2356 3399; x_wconf 84' lang='lat' dir='ltr'><strong>Quid</strong></span> <span class='ocrx_word' id='word_1_388' title='bbox 2408 3348 2525 3412; x_wconf 85' lang='lat' dir='ltr'><strong>jam</strong></span> 
     </span>
     <span class='ocr_line' id='line_1_74' title="bbox 1459 3420 2528 3488; baseline 0.004 -17"><span class='ocrx_word' id='word_1_389' title='bbox 1459 3428 1699 3485; x_wconf 79' lang='lat' dir='ltr'><strong>superest</strong></span> <span class='ocrx_word' id='word_1_390' title='bbox 1719 3437 1749 3472; x_wconf 88' lang='lat' dir='ltr'><strong>e</strong></span> <span class='ocrx_word' id='word_1_391' title='bbox 1772 3428 1853 3472; x_wconf 87' lang='lat' dir='ltr'><strong>tot</strong></span> <span class='ocrx_word' id='word_1_392' title='bbox 1875 3420 2234 3487; x_wconf 86' lang='lat' dir='ltr'><strong>facultatibus,</strong></span> <span class='ocrx_word' id='word_1_393' title='bbox 2257 3438 2382 3488; x_wconf 83' lang='lat' dir='ltr'><strong>quas</strong></span> <span class='ocrx_word' id='word_1_394' title='bbox 2408 3438 2528 3488; x_wconf 82' lang='lat' dir='ltr'><strong>pos·</strong></span> 
     </span>
     <span class='ocr_line' id='line_1_75' title="bbox 1459 3498 1679 3548; baseline 0.005 -1"><span class='ocrx_word' id='word_1_395' title='bbox 1459 3498 1641 3548; x_wconf 85' lang='lat' dir='ltr'><strong>sedisti</strong></span> <span class='ocrx_word' id='word_1_396' title='bbox 1659 3500 1679 3548; x_wconf 72' lang='grc' dir='ltr'><strong><em>ἓ</em></strong></span> 
     </span>
     <span class='ocr_line' id='line_1_76' title="bbox 1464 3575 2522 3641; baseline 0.001 -15"><span class='ocrx_word' id='word_1_397' title='bbox 1464 3601 1469 3605; x_wconf 82' lang='lat'><em>-</em></span> <span class='ocrx_word' id='word_1_398' title='bbox 1524 3575 1797 3640; x_wconf 70' lang='lat' dir='ltr'><strong>Reliquum]</strong></span> <span class='ocrx_word' id='word_1_399' title='bbox 1854 3576 1984 3627; x_wconf 87' lang='lat' dir='ltr'><strong>Cum</strong></span> <span class='ocrx_word' id='word_1_400' title='bbox 2033 3576 2387 3641; x_wconf 76' lang='lat' dir='ltr'><strong>indignatione</strong></span> <span class='ocrx_word' id='word_1_401' title='bbox 2441 3590 2522 3627; x_wconf 87' lang='lat' dir='ltr'><strong>re·</strong></span> 
     </span>
     <span class='ocr_line' id='line_1_77' title="bbox 1460 3651 2521 3715; baseline 0.004 -17"><span class='ocrx_word' id='word_1_402' title='bbox 1460 3651 1688 3715; x_wconf 75' lang='lat' dir='ltr'><strong>spondet</strong></span> <span class='ocrx_word' id='word_1_403' title='bbox 1708 3651 1949 3702; x_wconf 81' lang='lat' dir='ltr'><strong>Persius:</strong></span> <span class='ocrx_word' id='word_1_404' title='bbox 1990 3652 2133 3700; x_wconf 86' lang='lat' dir='ltr'><strong>itane</strong></span> <span class='ocrx_word' id='word_1_405' title='bbox 2167 3665 2296 3701; x_wconf 81' lang='lat' dir='ltr'><strong>vero</strong></span> <span class='ocrx_word' id='word_1_406' title='bbox 2315 3664 2521 3702; x_wconf 83' lang='lat' dir='ltr'><strong>meeum</strong></span> 
     </span>
     <span class='ocr_line' id='line_1_78' title="bbox 1453 3726 2522 3791; baseline 0.005 -16"><span class='ocrx_word' id='word_1_407' title='bbox 1453 3727 1555 3776; x_wconf 84' lang='lat' dir='ltr'><strong>inis</strong></span> <span class='ocrx_word' id='word_1_408' title='bbox 1577 3726 1846 3789; x_wconf 80' lang='lat' dir='ltr'><strong>rationem,</strong></span> <span class='ocrx_word' id='word_1_409' title='bbox 1864 3728 2010 3791; x_wconf 83' lang='lat' dir='ltr'><strong>quasi</strong></span> <span class='ocrx_word' id='word_1_410' title='bbox 2024 3742 2142 3777; x_wconf 87' lang='lat' dir='ltr'><strong>cum</strong></span> <span class='ocrx_word' id='word_1_411' title='bbox 2162 3727 2522 3791; x_wconf 72' lang='lat' dir='ltr'><strong>dispensatore</strong></span> 
     </span>
     <span class='ocr_line' id='line_1_79' title="bbox 1452 3803 2522 3870; baseline 0.006 -18"><span class='ocrx_word' id='word_1_412' title='bbox 1452 3803 1641 3853; x_wconf 82' lang='lat' dir='ltr'><strong>herus?</strong></span> <span class='ocrx_word' id='word_1_413' title='bbox 1701 3803 1918 3853; x_wconf 83' lang='lat' dir='ltr'><strong>Scilicet</strong></span> <span class='ocrx_word' id='word_1_414' title='bbox 1958 3818 2196 3869; x_wconf 82' lang='lat' dir='ltr'><strong>possessa</strong></span> <span class='ocrx_word' id='word_1_415' title='bbox 2232 3813 2522 3870; x_wconf 77' lang='lat' dir='ltr'><strong>computas,</strong></span> 
     </span>
     <span class='ocr_line' id='line_1_80' title="bbox 1454 3881 2521 3947; baseline 0.007 -19"><span class='ocrx_word' id='word_1_416' title='bbox 1454 3886 1656 3929; x_wconf 84' lang='lat' dir='ltr'><strong>sumtus</strong></span> <span class='ocrx_word' id='word_1_417' title='bbox 1705 3881 1924 3943; x_wconf 78' lang='lat' dir='ltr'><strong>excutis,</strong></span> <span class='ocrx_word' id='word_1_418' title='bbox 1970 3881 2223 3946; x_wconf 84' lang='lat' dir='ltr'><strong>reliquum</strong></span> <span class='ocrx_word' id='word_1_419' title='bbox 2273 3883 2418 3947; x_wconf 85' lang='lat' dir='ltr'><strong>quid,</strong></span> <span class='ocrx_word' id='word_1_420' title='bbox 2461 3892 2521 3935; x_wconf 79' lang='lat' dir='ltr'><strong>et</strong></span> 
     </span>
     <span class='ocr_line' id='line_1_81' title="bbox 1455 3956 2518 4025; baseline 0.006 -19"><span class='ocrx_word' id='word_1_421' title='bbox 1455 3956 1654 4020; x_wconf 86' lang='lat' dir='ltr'><strong>ubisit,</strong></span> <span class='ocrx_word' id='word_1_422' title='bbox 1687 3958 1954 4023; x_wconf 77' lang='lat' dir='ltr'><strong>postulas?</strong></span> <span class='ocrx_word' id='word_1_423' title='bbox 1995 3958 2133 4022; x_wconf 77' lang='lat' dir='ltr'><strong>Age,</strong></span> <span class='ocrx_word' id='word_1_424' title='bbox 2163 3959 2349 4025; x_wconf 70' lang='lat' dir='ltr'><strong>haeres,</strong></span> <span class='ocrx_word' id='word_1_425' title='bbox 2376 3961 2518 4012; x_wconf 87' lang='lat' dir='ltr'><strong>dein·</strong></span> 
     </span>
     <span class='ocr_line' id='line_1_82' title="bbox 1455 4033 2311 4099; baseline 0.002 -15"><span class='ocrx_word' id='word_1_426' title='bbox 1455 4048 1582 4099; x_wconf 85' lang='lat' dir='ltr'><strong>ceps</strong></span> <span class='ocrx_word' id='word_1_427' title='bbox 1602 4048 1778 4084; x_wconf 85' lang='lat' dir='ltr'><strong>curam</strong></span> <span class='ocrx_word' id='word_1_428' title='bbox 1799 4033 1932 4085; x_wconf 82' lang='lat' dir='ltr'><strong>hanc</strong></span> <span class='ocrx_word' id='word_1_429' title='bbox 1950 4035 2172 4086; x_wconf 84' lang='lat' dir='ltr'><strong>eximam</strong></span> <span class='ocrx_word' id='word_1_430' title='bbox 2193 4036 2311 4086; x_wconf 88' lang='lat' dir='ltr'><strong>tibi.</strong></span> 
     </span>
    </p>

    <p class='ocr_par' dir='ltr' id='par_1_30' title="bbox 1453 4111 2513 4328">
     <span class='ocr_line' id='line_1_83' title="bbox 1518 4111 2513 4177; baseline 0.004 -18"><span class='ocrx_word' id='word_1_431' title='bbox 1518 4111 1664 4160; x_wconf 74' lang='lat' dir='ltr'><strong>Nm</strong></span> <span class='ocrx_word' id='word_1_432' title='bbox 1693 4126 1816 4162; x_wconf 72' lang='lat' dir='ltr'><strong>nane</strong></span> <span class='ocrx_word' id='word_1_433' title='bbox 1842 4111 2096 4176; x_wconf 56' lang='lat' dir='ltr'><strong>mn·</strong></span> <span class='ocrx_word' id='word_1_434' title='bbox 2129 4127 2277 4177; x_wconf 67' lang='lat' dir='ltr'><strong>ange,</strong></span> <span class='ocrx_word' id='word_1_435' title='bbox 2311 4111 2417 4176; x_wconf 57' lang='lat' dir='ltr'><strong>qm]</strong></span> <span class='ocrx_word' id='word_1_436' title='bbox 2460 4112 2513 4163; x_wconf 89' lang='grc' dir='ltr'>Ο</span> 
     </span>
     <span class='ocr_line' id='line_1_84' title="bbox 1453 4185 2512 4252; baseline 0.001 -15"><span class='ocrx_word' id='word_1_437' title='bbox 1453 4185 1668 4252; x_wconf 83' lang='lat' dir='ltr'><strong>famule,</strong></span> <span class='ocrx_word' id='word_1_438' title='bbox 1690 4187 1962 4239; x_wconf 82' lang='lat' dir='ltr'><strong>lautiorem</strong></span> <span class='ocrx_word' id='word_1_439' title='bbox 1993 4188 2160 4240; x_wconf 89' lang='lat' dir='ltr'><strong>indies</strong></span> <span class='ocrx_word' id='word_1_440' title='bbox 2181 4202 2409 4239; x_wconf 84' lang='lat' dir='ltr'><strong>mensam</strong></span> <span class='ocrx_word' id='word_1_441' title='bbox 2434 4188 2512 4238; x_wconf 89' lang='lat' dir='ltr'><strong>in-</strong></span> 
     </span>
     <span class='ocr_line' id='line_1_85' title="bbox 1454 4265 2510 4328; baseline -0.002 -12"><span class='ocrx_word' id='word_1_442' title='bbox 1454 4270 1633 4328; x_wconf 81' lang='lat' dir='ltr'><strong>strue3</strong></span> <span class='ocrx_word' id='word_1_443' title='bbox 1669 4270 2039 4319; x_wconf 83' lang='lat' dir='ltr'><strong>consumantur</strong></span> <span class='ocrx_word' id='word_1_444' title='bbox 2077 4265 2210 4317; x_wconf 83' lang='lat' dir='ltr'><strong>bona</strong></span> <span class='ocrx_word' id='word_1_445' title='bbox 2253 4279 2371 4320; x_wconf 82' lang='lat' dir='ltr'><strong>mea</strong></span> <span class='ocrx_word' id='word_1_446' title='bbox 2400 4265 2510 4315; x_wconf 84' lang='lat' dir='ltr'><strong>uni·</strong></span> 
     </span>
    </p>
   </div>
  </div>
 </body>
</html>
