3050 4913
497 830 626 951 N
651 830 1301 949 OTITIA
1411 833 2461 954 LITERARIA

1442 1061 1515 1097 DE

1238 1211 1726 1288 PERSIO

1425 1398 1501 1435 ΒΧ

416 1527 532 1595 Jo.
564 1524 722 1594 Alb.
754 1525 1050 1595 Fabricii
1081 1525 1505 1596 Bibliotheca
1534 1530 1794 1608 Latina,
1841 1550 1884 1595 a
1923 1529 1971 1596 J
1973 1552 2035 1597 o.
2063 1530 2238 1617 Aug.
2268 1529 2534 1600 Ernesti
2626 1499 2637 1504 ἱ

1095 1628 1358 1697 auctius
1400 1632 1603 1711 edita,
1639 1649 1720 1698 tt.
1752 1632 1858 1697 12.

1298 1842 1653 1864 ‘meteone-e

1053 1940 1176 2018 [nx
1206 1955 1317 2001 nn.
1352 1956 1643 2002 meon-r.
1671 1936 1874 2016 1785]

1278 2093 1669 2118 oeoeeeemeeo

1217 2262 1461 2324 Pnnsu
1500 2261 1724 2322 AErAs.

366 2452 499 2543 Α.
550 2473 847 2533 ΡΒΒειυε
900 2477 919 2506 ¹
971 2473 1282 2534 FLACCUS
1339 2481 1512 2533 natus
1568 2472 1913 2545 volaterris,
1960 2490 2141 2549 eques
2189 2471 2216 2503 ²
2257 2472 2571 2544 Romanus,

368 2569 610 2646 oequalis
640 2570 864 2631 Lucani
890 2576 1102 2649 poetae,
1134 2581 1193 2630 et
1222 2589 1337 2629 una
1365 2590 1499 2629 cum
1541 2588 1614 2628 eo
1656 2569 1862 2629 Annaei
1891 2567 2158 2641 Cornuti,
2184 2570 2206 2605 ³
2236 2567 2570 2646 philosophi

367 2663 572 2735 Stoici,
622 2664 874 2737 auditor,
904 2665 997 2724 vix
1046 2665 1476 2745 duodetriginta
1519 2685 1706 2725 annos
1749 2674 1939 2735 natus,
1980 2664 2128 2723 obiit
2164 2682 2318 2723 anno
2347 2662 2572 2740 imperii

362 2759 618 2821 Neronis
648 2782 824 2821 nono.
909 2762 1170 2840 Reliquis
1195 2763 1392 2823 Persii
1434 2763 1719 2842 poematis
1738 2761 2098 2841 juvenilibus
2117 2759 2292 2838 jussu
2320 2756 2571 2820 Cornuti

1353 2931 1574 2982 NOTAE

429 3042 457 3089 1
484 3038 662 3103 Persii,
683 3038 864 3089 dubito
879 3053 944 3089 an
966 3039 1149 3104 nostri,
1164 3038 1356 3105 effigies
1370 3040 1424 3091 in

361 3126 614 3166 memore
657 3116 794 3180 apud
839 3117 989 3165 Fulv.
1026 3117 1266 3166 Ursinum
1302 3131 1422 3181 pag.

359 3195 442 3243 46.
463 3194 598 3257 elog.
616 3193 669 3242 in
683 3194 905 3243 thesaur.
921 3192 1100 3257 Autiq.
1121 3193 1423 3242 Graeearurn

362 3267 693 3319 Gronoviauo
707 3270 765 3319 T.
779 3273 824 3317 8.
844 3283 874 3318 a
891 3284 923 3318 a
941 3283 971 3318 a
988 3283 1035 3319 a.
1056 3268 1177 3317 Fuit
1194 3274 1249 3318 et
1267 3269 1422 3318 Caius

359 3347 566 3397 Manius
587 3348 798 3398 Persius
821 3350 973 3399 homo
995 3347 1341 3410 doctissimus,
1357 3347 1421 3397 de

359 3436 464 3487 quo
483 3423 669 3473 Cicero
687 3425 751 3472 de
766 3423 917 3474 Orat.
932 3437 998 3473 11.
1016 3428 1064 3473 6.
1090 3430 1145 3472 et
1162 3423 1226 3471 de
1249 3423 1363 3471 Fin.
1381 3437 1420 3473 1.

358 3501 411 3548 8.
452 3496 615 3548 refert
659 3500 913 3549 Lucilium
956 3499 1128 3548 dicere
1176 3498 1381 3547 solitum
1402 3513 1416 3547 ι

355 3574 374 3603 ⁴
400 3574 636 3624 Persium
667 3574 780 3624 haec
822 3578 995 3638 legere
1033 3576 1169 3635 nolo,
1201 3574 1421 3623 Laelium

356 3649 627 3700 Decimum
648 3651 799 3701 volo?
853 3651 999 3700 Alius
1020 3651 1193 3701 Julius
1211 3650 1421 3699 Persius

354 3725 411 3775 in
433 3726 642 3791 Apuleii
668 3728 906 3776 Floridis.

418 3807 451 3851 2
486 3801 572 3852 Ita
595 3804 857 3867 plerisque
876 3817 1172 3866 persuasum
1196 3809 1277 3852 est
1300 3818 1418 3852 aue-

356 3883 471 3928 tore
505 3879 730 3928 Eusebio
765 3880 816 3928 in
852 3879 1042 3928 Chrou.
1078 3886 1135 3927 et
1166 3878 1422 3941 scriptore

352 3955 480 4003 vitas
504 3954 693 4017 Persii,
717 3956 838 4004 licet
871 3956 981 4018 ipse
1004 3969 1057 4002 se
1092 3953 1248 4017 poeta
1270 3954 1422 4017 Ligu-

354 4043 483 4094 rem,
504 4045 534 4079 e
554 4031 759 4095 Tigulia
794 4046 960 4095 prope
1003 4042 1207 4093 portum
1244 4031 1424 4094 Lunae,

352 4107 568 4158 innuere
604 4108 828 4170 videtur,
859 4109 967 4157 Sat.
999 4120 1079 4157 vr.
1110 4111 1160 4155 6.
1184 4120 1264 4173 sq,
1290 4106 1422 4156 Vide

353 4184 567 4252 Caspari
600 4184 809 4250 Massa,
840 4190 896 4235 et
928 4182 1180 4236 Lndovici
1211 4181 1423 4249 Aprosii

1505 3042 1893 3093 dissertationes
1931 3041 2115 3093 Italico
2137 3042 2383 3092 idiomate
2404 3038 2569 3103 scrip-

1503 3125 1584 3168 tas
1608 3119 1674 3168 de
1698 3120 1868 3183 patria
1901 3118 2088 3179 Persii,
2125 3132 2241 3183 quae
2276 3130 2472 3165 recusae
2495 3115 2567 3164 le·

1505 3202 1698 3261 guntur
1722 3195 1786 3245 sd
1810 3196 2005 3244 calcem
2038 3195 2159 3244 libri
2186 3192 2457 3257 Rapbaelis
2477 3192 2569 3241 So·

1503 3273 1656 3336 praui
1679 3273 1744 3321 de
1767 3271 2117 3334 Scriptoribus
2144 3269 2397 3333 Liguriae3
2434 3268 2566 3317 Gre-

1502 3349 1701 3411 gorium
1735 3348 1849 3396 Leti
1873 3347 1924 3395 in
1949 3346 2107 3395 ltalia
2140 3352 2390 3409 regnante
2414 3350 2566 3407 parte

1503 3438 1583 3472 tv.
1599 3428 1837 3489 pag.878.
1864 3422 2014 3472 Adde
2035 3421 2259 3486 August.
2283 3420 2566 3471 Oldoinum

1502 3500 1557 3548 in
1578 3500 1839 3549 Atheneo
1862 3499 2062 3561 Ligust.
2090 3513 2140 3560 p.
2163 3502 2245 3546 80.
2269 3512 2347 3559 sq.

1586 3580 1616 3624 8
1657 3576 1940 3624 Cornutum
1981 3588 2127 3623 suum
2171 3573 2343 3622 multis
2388 3571 2565 3624 laudat

1504 3652 1714 3701 Persius
1736 3651 1907 3700 Satira
1928 3664 1982 3698 v.
2009 3665 2123 3715 quae
2150 3649 2362 3698 ridicule
2386 3649 2565 3699 inscri-

1502 3728 1641 3777 bitur
1671 3727 1827 3776 etiam
1860 3728 1908 3775 in
1937 3726 2300 3775 Schreveliana
2317 3725 2565 3789 editione,

1499 3802 1515 3829 ‘
1538 3803 1604 3851 ad
1628 3803 1937 3865 Magistrum
1971 3804 2216 3867 Equitum
2240 3802 2563 3866 Cornutum‚'

1501 3893 1599 3943 pro
1622 3893 1704 3940 eo,
1728 3879 1860 3943 quod
1896 3878 2000 3947 legi
2040 3876 2286 3939 debebat,
2319 3879 2335 3905 ‘
2361 3878 2427 3928 sd
2448 3879 2564 3927 Ma-

1502 3955 1715 4017 gistrum
1760 3953 2015 4003 Annaeum
2060 3952 2377 4003 Cornutum!
2476 3954 2561 4002 De

1502 4033 1735 4083 Cornuto
1756 4038 1814 4080 et
1838 4030 1951 4094 ejus
1985 4028 2195 4091 scriptis
2227 4028 2334 4077 dixi
2360 4027 2453 4077 lib.
2473 4041 2562 4079 m.

1502 4110 1640 4164 Bibl.
1663 4110 1869 4162 Graecae
1893 4120 2010 4171 cap.
2034 4110 2114 4158 1⁵.
2139 4120 2259 4171 pag.
2279 4109 2394 4156 898.
2415 4118 2493 4169 sq.
