3050 4913
529 340 666 411 264

533 499 851 565 praenomina
872 499 1147 561 dabantur,
1165 508 1221 550 ut
1243 503 1432 564 Marci,
1450 503 1590 551 Pub·

532 577 606 636 m,
630 576 1124 639 <iniunt—Papa]
1177 580 1271 626 Est
1293 579 1592 642 interjectio

533 655 835 704 admirantis
858 669 949 716 per
969 654 1466 720 huniam—Marco,
1484 656 1591 720 ξω]

533 733 696 785 Quasi
743 732 1003 788 indignum
1056 734 1150 781 hoc
1212 734 1278 780 sit
1338 733 1593 797 ejusmodi

534 808 746 872 egregio
771 809 878 857 viro
902 809 1114 858 credere
1137 823 1238 858 non
1261 810 1414 858 velle.
1483 810 1592 858 Iro-

533 885 620 933 nia
643 885 934 947 vehemens,
955 893 1009 933 et
1043 894 1164 935 sunt
1186 886 1346 934 verba
1368 885 1482 933 vilis
1506 900 1593 948 pa-

534 961 696 1022 rasiti,
719 963 804 1025 qni
828 963 1025 1010 illorum
1049 963 1133 1009 nni
1166 961 1390 1025 turpiter
1419 961 1593 1010 adula-

533 1036 706 1087 batur.
753 1039 1010 1087 Canobon.
1092 1038 1361 1087 Turnebus
1405 1051 1466 1086 n.
1512 1042 1594 1089 19.

535 1111 887 1175 —Spondenld
925 1114 1100 1162 Fidem
1120 1129 1258 1162 snam
1283 1128 1377 1177 pro
1397 1114 1497 1161 alio
1520 1113 1594 1160 in-

538 1194 866 1250 terponente.
900 1188 1075 1237 Lubin.

601 1269 667 1312 80
702 1266 887 1326 Marco,
906 1265 1010 1328 θα]
1041 1266 1190 1314 Tune
1209 1265 1393 1329 palles,
1414 1272 1469 1313 et
1490 1270 1593 1313 tre-

534 1339 703 1405 pidas,
726 1348 779 1388 et
800 1341 871 1405 inj
879 1349 1045 1391 ustam
1063 1342 1369 1390 sententiam
1382 1355 1595 1404 exspec-

538 1422 617 1466 tas
644 1418 826 1481 jndice
849 1426 955 1468 tam
985 1420 1220 1482 sapiente
1241 1426 1297 1468 et
1317 1419 1596 1468 accurato?

534 1492 684 1543 Idem.

601 1573 663 1618 81
699 1569 913 1631 Marcus,
954 1571 1062 1635 ξω]
1127 1572 1221 1621 Est
1252 1572 1410 1621 etiam
1448 1574 1600 1622 testis

536 1644 750 1695 Marcus
784 1653 980 1709 noster,
1009 1662 1161 1712 quem
1193 1663 1343 1697 nemo
1376 1663 1601 1713 nuquam

536 1724 1091 1792 mecerin—Auium]
1175 1727 1364 1777 Potest
1441 1728 1599 1776 etiam

536 1801 750 1850 Marcus
789 1802 1008 1851 tabellas
1031 1803 1325 1867 obsignare,
1357 1811 1412 1853 et
1439 1809 1600 1853 testa-

536 1883 762 1926 mentum
785 1878 1030 1928 condere.
1064 1878 1212 1928 Idem.

602 1959 666 2003 82
692 1955 830 2017 Hoec,
849 1956 956 2018 ξω]
980 1954 1170 2005 Ironia.
1204 1957 1338 2006 Haec
1362 1957 1472 2006 sine
1493 1971 1600 2006 om·

539 2031 592 2079 ni
616 2031 772 2081 dubio
793 2039 872 2080 est
894 2033 1020 2093 sola,
1052 2033 1293 2097 genuina,
1319 2040 1375 2083 et
1397 2048 1520 2083 vera
1541 2034 1599 2082 li-

537 2105 733 2167 bertas,
752 2121 869 2170 quae
902 2108 1048 2156 nobis
1067 2108 1306 2170 donatur,
1324 2123 1437 2158 cnm
1461 2109 1601 2172 pilea

538 2182 839 2245 accipimus.
921 2183 1060 2234 Illud
1105 2199 1258 2248 porro
1298 2185 1487 2248 pileum
1545 2186 1597 2234 in

538 2258 774 2309 Feroniae
819 2262 1011 2325 templo
1053 2276 1169 2311 raso
1207 2263 1380 2325 capite
1421 2262 1599 2311 indue-

540 2333 684 2386 bant.
751 2337 914 2386 Pilem
940 2344 1113 2388 autem
1144 2338 1398 2388 libertatis
1419 2337 1601 2389 indici·

540 2424 642 2461 nm.
679 2412 830 2464 Idem.

605 2493 669 2538 83
702 2491 926 2554 An,§·e.]
964 2491 1152 2542 Sensus
1176 2500 1286 2542 est:
1340 2492 1426 2543 An
1464 2493 1600 2556 qnis-

541 2579 695 2629 quam
730 2567 857 2615 alius
891 2567 1027 2616 liber
1061 2573 1160 2629 est,
1188 2569 1271 2616 vel
1294 2566 1425 2616 liber
1447 2569 1599 2618 etiam

542 2644 738 2692 censeri
764 2649 955 2707 potest,
967 2644 1165 2692 nisiille
1190 2644 1277 2707 qni
1299 2644 1393 2692 sub
1415 2645 1601 2695 nullius

540 2717 754 2780 imperio
773 2725 828 2768 et
848 2717 1090 2783 dominio,
1117 2733 1209 2769 suo
1244 2720 1500 2771 arbitratu
1529 2721 1601 2770 vi·

540 2794 652 2843 vit?
687 2795 837 2844 Idem.

605 2875 668 2920 84
702 2872 980 2936 [decima]
1029 2871 1333 2935 Assumptio
1365 2873 1602 2937 syllogis-

539 2947 609 2996 mi
632 2956 733 3010 est,
753 2962 903 3010 quam
924 2955 1106 3012 postea
1125 2954 1286 3012 negat
1298 2949 1524 2998 Stoicus.

605 3026 667 3070 8⁵
703 3022 880 3086 Bruto,
900 3024 1006 3087 Usa]
1060 3024 1165 3075 Qui
1187 3024 1374 3086 etipse
1397 3024 1602 3074 liberri-

540 3113 653 3149 mus
675 3097 794 3162 fnit,
816 3106 873 3149 et
908 3102 1098 3164 populo
1132 3100 1365 3150 Romano
1399 3102 1601 3151 exactis

542 3174 774 3238 Regibus
814 3174 1068 3225 libertatis
1106 3181 1292 3225 auctor
1339 3176 1604 3226 extitit.—

542 3251 786 3317 Mendose,
803 3253 909 3316 ξω]
943 3253 1247 3317 Respondet
1261 3255 1326 3304 ad
1341 3256 1478 3306 hunc
1502 3259 1605 3321 syl-

539 3329 808 3395 logismum
873 3331 1099 3381 Persius.
1188 3331 1603 3396 Propositionem

541 3407 788 3471 admittit,
808 3408 1181 3459 adsumtionem
1198 3417 1370 3472 negat.
1403 3410 1555 3462 Idem.

606 3488 670 3533 86
694 3483 886 3534 Stoicus
901 3483 1003 3547 hic]
1029 3485 1145 3549 Hic,
1162 3486 1345 3534 ὁδεῖνο.
1379 3486 1479 3535 Vel
1504 3500 1605 3548 ego

541 3560 763 3625 Stoicus,
797 3568 853 3612 et
893 3562 972 3612 hic
1008 3576 1102 3626 pro
1144 3563 1288 3625 Ego:
1339 3561 1496 3611 etiam
1540 3562 1608 3611 de

542 3637 775 3688 Cornuto
797 3639 862 3688 ad
887 3654 1035 3704 quem
1074 3640 1272 3702 scribit,
1310 3645 1486 3703 potest
1523 3654 1609 3689 ac·

542 3713 666 3778 oipi.
732 3716 932 3766 Acmon
970 3731 1065 3780 pro
1102 3717 1380 3766 acrimonia
1402 3716 1607 3780 judicii.

547 3790 1010 3855 cmub.—Aarem‚
1069 3792 1188 3856 εγω]-
1238 3794 1396 3857 Cujus
1457 3804 1606 3844 aures

543 3865 776 3915 mordaci
795 3875 960 3931 aceto,
980 3876 1241 3930 accurata,
1258 3875 1314 3917 et
1333 3875 1485 3917 acuta
1505 3869 1604 3919 dis-

543 3940 755 4004 ciplina,
797 3950 851 3992 et
892 3945 1085 4008 ingenii
1123 3945 1426 4008 sagacitate,
1463 3945 1603 4008 lotae,

543 4024 779 4082 pnrgatae
803 4033 865 4067 ac
887 4019 1106 4070 eruditae
1126 4028 1265 4070 sunt.
1301 4021 1473 4070 laabin.

608 4098 672 4145 8⁷
706 4096 831 4160 Hoc,
848 4096 952 4159 ξω]
974 4096 1148 4145 Verba
1165 4097 1349 4160 Stoici,
1370 4100 1456 4148 vel
1473 4098 1604 4148 Per-

543 4172 626 4227 sii.
679 4174 935 4238 Majorem
960 4173 1363 4238 propositionem
1386 4175 1605 4238 accipio,

544 4257 600 4302 et
620 4251 880 4306 concedet
929 4249 1022 4303 sed
1062 4251 1198 4318 qnod
1235 4250 1357 4304 inde
1383 4252 1604 4321 colligis,

1235 359 1450 409 No'rffi
1496 351 1903 409 mimorum
1951 356 2034 408 m

1671 502 1901 566 qnodubi
1921 503 2445 563 einer-elimatum,
2466 495 2592 552 illud
2614 515 2739 567 per.

1668 596 1820 645 nego,
1841 590 1895 631 et
1917 597 2032 630 cum
2075 589 2219 630 tuum
2258 596 2363 632 non
2399 581 2487 644 sit,
2520 590 2577 632 tn
2602 581 2735 632 illnd

1671 659 1816 707 tolle.
1854 658 2003 707 Idem.

1733 738 1798 783 88
1840 731 2078 796 Vindicta]
2107 734 2269 796 Virga
2299 738 2397 793 est,
2421 748 2520 796 qna
2552 747 2738 783 mann-

1669 809 1911 859 mittendi
1933 824 1965 858 a
1989 810 2226 857 Praetore
2247 808 2298 856 in
2324 809 2499 871 capite
2524 810 2739 871 pulsan-

1671 892 1781 934 tur:
1833 885 1950 934 ideo
1986 884 2145 944 dicta,
2167 884 2302 947 qnod
2343 898 2459 932 eum
2498 884 2737 933 vindicat

1670 960 1921 1010 libertati.
1986 960 2243 1009 Masurius
2278 966 2450 1007 autem
2480 960 2563 1009 liic
2586 960 2740 1009 Sabi·

1668 1051 1762 1085 nus
1779 1036 1911 1098 legis
1933 1036 2198 1084 consultus
2213 1034 2313 1083 fuit
2334 1053 2348 1084 z
2386 1043 2437 1083 et
2458 1036 2739 1098 Rubricas,

1679 1122 1831 1162 vocat
1850 1112 2077 1175 minium,
2095 1127 2197 1175 quo
2221 1110 2361 1160 tituli
2382 1112 2555 1174 legum
2572 1126 2736 1160 anno·

1671 1191 1932 1240 tabantur.
1956 1192 2059 1240 Vct.
2075 1189 2252 1237 Sem-
2263 1189 2618 1251 Vindicta,ssc.]
2639 1189 2740 1238 As·

1669 1268 2015 1330 sumptionem
2055 1265 2231 1316 liberti
2254 1274 2469 1326 negarat
2504 1267 2740 1330 Persius,

1671 1358 1829 1407 quare
1855 1343 2015 1407 ipsam
2058 1344 2279 1405 probare
2317 1344 2486 1390 Dama
2516 1343 2740 1392 libertas

1672 1420 1925 1470 adnititur
1947 1434 2012 1468 ex
2038 1419 2316 1482 adjunctis,
2338 1420 2474 1483 quod
2504 1419 2740 1469 vindicta

1673 1496 1912 1559 proetotis
1949 1496 2079 1545 liber
2110 1496 2495 1559 pronunciatus,
2519 1496 2635 1559 jam
2680 1505 2740 1546 ut

1675 1571 1821 1632 velit,
1852 1579 1907 1619 et
1946 1570 2125 1631 libeat,
2155 1570 2255 1618 sibi
2292 1571 2446 1620 liceat
2481 1572 2641 1619 etiam
2666 1572 2741 1619 vi-

1673 1661 1876 1696 vere.—-
1886 1648 2131 1710 Vindicta]
2180 1649 2286 1696 Pro
2308 1661 2498 1709 genere
2523 1647 2612 1695 ino
2638 1663 2745 1697 rna·

1676 1721 2006 1772 numittendi.
2052 1724 2181 1770 Erat
2196 1723 2331 1770 enim
2353 1722 2542 1783 virgula
2562 1723 2743 1786 lig-aea,

1674 1813 1778 1863 qna
1800 1806 1958 1863 caput
1980 1798 2375 1847 manumittendi
2409 1798 2747 1860 percutieba-

1675 1883 1780 1940 tur,
1800 1890 1916 1925 cnm
1938 1877 2016 1925 his
2043 1876 2249 1925 verbis.
2276 1876 2419 1924 Liber
2436 1880 2555 1924 ato.
2595 1876 2746 1926 Dici·

1676 1960 1761 2002 tur
1782 1961 1954 2003 autem
1977 1955 2187 2003 vindicta
2206 1970 2238 2003 a
2254 1939 2530 2011 viniense,-
2565 1953 2618 2002 id
2638 1963 2743 2017 est,

1675 2029 1727 2077 in
1747 2027 2043 2078 libertatem
2061 2044 2310 2078 asserere.
2312 2031 2543 2094 ——Mead
2566 2031 2748 2094 Liber,

1674 2103 1775 2153 mei
1788 2105 1924 2169 juris
1946 2110 2002 2154 et
2022 2105 2242 2157 arbitrii.
2274 2105 2445 2155 Laba.

1738 2185 1805 2230 8⁹
1839 2181 1941 2229 Car
1966 2182 2105 2244 nihi,
2123 2181 2226 2245 θα]
2259 2182 2409 2245 Haec,
2442 2190 2503 2232 ut
2524 2183 2745 2246 dictum,

1674 2257 1741 2306 de
1756 2256 2006 2307 libertate
2024 2258 2163 2307 civili
2178 2259 2534 2320 intelligenda.
2559 2261 2742 2310 Labda.

1739 2338 1804 2384 90
1842 2334 2078 2400 Εςτοερίο]
2126 2336 2316 2385 Omnia
2334 2335 2510 2385 facere
2533 2337 2660 2387 mihi
2686 2339 2743 2386 li·

1675 2417 1779 2475 cet,
1810 2411 1964 2462 unico
1986 2418 2251 2476 exempto,
2274 2425 2340 2460 ne
2378 2411 2430 2460 in
2453 2412 2597 2477 leges
2621 2428 2744 2478 pec-

1675 2501 1806 2536 cem.
1871 2488 1968 2537 Est
1988 2492 2161 2537 antem
2182 2486 2265 2537 hic
2289 2493 2503 2551 excepto,
2526 2503 2630 2537 non
2652 2504 2746 2539 no-

1673 2577 1793 2613 men
1833 2561 2102 2614 auferendi
2131 2578 2272 2625 casu,
2309 2564 2400 2612 sed
2441 2564 2746 2613 verbum.—

1674 2636 1887 2700 Mma]
1940 2639 2227 2690 Mum-ium
2260 2638 2505 2688 Sabinum
2546 2640 2745 2690 Jctmn

1674 2716 1939 2782 intelligit,
1960 2716 2049 2780 qui
2070 2715 2270 2764 Tiberii
2293 2722 2528 2778 tempore
2553 2715 2749 2765 doctis·

1675 2794 1832 2844 simus
1870 2801 1928 2843 et
1963 2806 2125 2858 eques
2165 2792 2747 2856 Romanum—Robrica]

1675 2873 1782 2924 Pro
1821 2872 2063 2935 Legibus,
2096 2871 2245 2934 cnjus
2277 2870 2426 2920 initia
2452 2871 2632 2933 minio,
2654 2881 2747 2922 ant

1650 2948 1886 2998 'rubrica
1916 2948 2243 2998 notabantur.
2290 2947 2523 2998 Turneb.
2566 2964 2647 2999 rv-
2692 2957 2744 3000 5.

1739 3029 1801 3074 91
1837 3025 2008 3086 Disce,
2027 3024 2135 3087 θα]
2189 3023 2425 3087 Quando,
2466 3026 2596 3090 qnid
2622 3040 2747 3075 reta

1674 3098 1889 3150 libertas
1911 3100 1996 3164 sit,
2018 3099 2222 3163 ignoras
2238 3114 2252 3161 ς
2270 3098 2430 3164 disce.-
2446 3100 2536 3148 sed
2564 3108 2623 3149 ut
2645 3100 2749 3149 dis·

1677 3189 1797 3226 cere
1813 3174 1996 3240 possis,
2012 3175 2167 3225 anilia
2187 3173 2550 3231 deliramenta,
2567 3175 2748 3226 adfec-

1676 3262 1780 3317 tus,
1793 3255 1944 3317 iram,
1966 3261 2021 3304 et
2055 3253 2301 3317 dolorem,
2322 3254 2410 3318 qui
2434 3253 2651 3303 veritati
2673 3254 2751 3303 of-

1677 3330 1878 3396 ficiunt,
1917 3337 2021 3380 tam
2060 3328 2150 3380 diu
2188 3328 2408 3394 depone,
2430 3337 2488 3379 et
2526 3345 2748 3381 exue.—

1680 3409 1837 3497 N⁰.⁸⁰]
1902 3408 2108 3458 Alindit
2152 3407 2219 3457 ad
2259 3422 2443 3457 canum
2488 3415 2748 3471 naturam,

1682 3485 1769 3550 qni
1792 3483 2077 3547 corrugatis
2106 3482 2354 3532 naribus·
2342 3497 2469 3532 iram
2494 3483 2746 3533 indicant.

1678 3562 2044 3623 —Rngoanuae,
2074 3558 2179 3622 θα]
2230 3558 2422 3622 Sanna,
2460 3567 2522 3608 nt
2558 3561 2671 3609 Sat.
2707 3574 2747 3610 ι.

1682 3637 1899 3697 dictum,
1920 3642 2004 3685 est
2025 3634 2469 3700 nasicorrngatio.
2505 3636 2680 3685 Labia.

1748 3716 1813 3762 9²
1847 3711 1980 3761 Dum
1984 3713 2122 3776 ,Μ
2147 3712 2274 3761 Tam
2298 3711 2386 3760 din
2408 3711 2499 3760 illa
2520 3710 2746 3774 depone,

1681 3788 1804 3838 dnm
1827 3795 1881 3837 te
1904 3788 2119 3837 meliora
2142 3794 2197 3836 et
2222 3788 2423 3837 veriora
2446 3786 2666 3850 edoceo,
2690 3797 2747 3838 et

1678 3869 1858 3913 veteres
1888 3863 2040 3926 coins,
2074 3863 2412 3925 inveteratas,
2432 3870 2490 3912 et
2512 3863 2604 3912 din
2628 3878 2749 3913 con·

1680 3946 1858 4003 ceptas
1888 3939 2054 3988 animo
2088 3939 2376 4002 opiniones,
2416 3939 2578 3988 aniles
2602 3941 2751 4003 inep-

1680 4018 1797 4079 tias,
1821 4031 1949 4082 quas
1983 4023 2132 4065 tanto
2165 4021 2401 4079 tempore
2438 4016 2612 4065 animo
2629 4031 2749 4065 con-

1679 4094 1884 4158 cepisti,
1917 4100 1974 4142 et
2011 4091 2208 4153 sovIsti,
2242 4091 2340 4141 tibi
2380 4091 2446 4141 de
2475 4092 2748 4155 pulmone,

1679 4176 1894 4234 pectore
1917 4175 1973 4219 et
1996 4167 2318 4233 pmcordiis,
2342 4168 2394 4217 in
2428 4168 2620 4232 quibus
2640 4169 2746 4218 illo

1677 4251 1809 4300 altas
1827 4246 2027 4303 radices
2042 4255 2280 4314 egerunt,
2298 4246 2518 4297 extraho
2532 4253 2594 4296 et
2607 4245 2749 4296 evel-
