3050 4913
518 366 691 435 1188
1202 382 1583 435 ascensus
1635 385 2062 435 ammomum

520 524 772 604 attingit,
799 534 857 586 et
887 522 1267 603 paraphrases
1295 525 1416 585 sere
1444 526 1733 599 subsistit,
1763 537 1825 588 et
1851 528 2035 588 rarius
2057 528 2116 588 in
2145 527 2418 589 interiora
2440 536 2500 589 et
2524 549 2729 591 recon-

519 623 644 683 dita
669 643 728 681 se
756 631 1045 700 penetrat.
1126 615 1342 682 Verum
1372 624 1626 704 tempori
1652 624 1746 683 isti
1774 645 1843 685 ea
1868 625 2311 685 condonemus.'

1541 728 1717 791 1493.

601 819 826 877 Veneta
853 832 1020 876 xm.
1049 814 1357 875 Juvenalis
1390 834 1519 876 cnm
1557 835 1755 878 comm.
1801 816 2029 890 Sabini,
2058 818 2340 889 Μιναῖοι,
2368 825 2426 878 et
2451 819 2727 891 aliorum,

521 912 967 978 venetiis—fol.
1006 920 1180 981 1493.
1789 943 1794 947 -

600 1012 792 1090 Hujus
835 1009 1106 1069 editionis
1150 1008 1522 1080 mentionem,
1576 1008 1678 1069 sed
1721 1010 2141 1083 brevissimam,
2188 1010 2452 1072 fecerunt
2501 1011 2728 1072 Henni·

518 1108 668 1182 nius,
700 1106 1000 1169 Fabricius
1023 1114 1085 1166 et
1110 1105 1249 1165 socii
1277 1105 1593 1184 Bipontini.

821 1207 830 1218 '
1527 1212 1704 1275 1494.

590 1310 626 1340 ¹*
673 1305 894 1363 Veneta
919 1317 1069 1362 XIV.
1096 1305 1180 1377 (n.
1212 1300 1337 1376 56.)
1384 1301 1694 1363 Juvenalis
1719 1322 1849 1364 cum
1889 1304 2083 1364 tribus
2124 1294 2454 1365 commentis
2481 1305 2722 1365 Manci-

515 1401 678 1471 nelli,
727 1399 1046 1471 Calda-ini,
1092 1406 1151 1458 et
1186 1399 1725 1462 Valloe.—Venetiis
1775 1404 2114 1481 impressum·
2149 1408 2237 1460 est
2281 1402 2389 1460 Ιιοο
2412 1399 2724 1460 Juvenum

514 1517 661 1579 opus
687 1515 814 1556 cum
844 1495 1033 1555 tribus
1057 1497 1390 1555 commentis
1420 1516 1537 1576 per
1561 1496 1849 1559 Joannem
1879 1498 1949 1558 dc
1978 1497 2181 1558 Cereio
2210 1496 2281 1557 de
2312 1496 2582 1570 Tn‘dino,
2623 1495 2722 1557 die

513 1613 645 1655 vero
673 1611 762 1653 xv
774 1609 881 1652 111.
912 1592 1384 1652 Januarii—fol.
1422 1602 1598 1665 1494.

524 1740 527 1743 .
592 1692 694 1750 Est
732 1707 890 1748 mera
931 1687 1200 1765 repetitio
1250 1691 1492 1748 Venetae
1540 1706 1673 1749 ΧΗ.
1704 1710 1759 1750 a.
1817 1697 1989 1761 1492.
2072 1690 2171 1750 ef.
2203 1689 2536 1770 Lengnichs
2583 1691 2719 1752 Bei-

509 1792 673 1866 triige
701 1804 808 1844 zur
836 1782 1156 1845 Kenntniss
1185 1784 1428 1843 seltener
1457 1786 1692 1845 Biicber
1716 1786 1796 1845 T.
1832 1802 1910 1847 11.
1941 1805 2005 1864 p.
2043 1794 2177 1846 120.

1525 1880 1701 1949 1496.

590 1979 917 2050 Juvenalis,
946 1975 1360 2037 Parisiis—fol.
1397 1974 1571 2045 1496.

593 2080 701 2139 His
750 2076 954 2156 paucis
982 2073 1173 2135 verbis
1211 2082 1565 2134 memoratur
1610 2073 1792 2133 editio
1818 2074 1914 2134 illa
1942 2093 1980 2135 a
2020 2076 2193 2136 sociis
2218 2076 2566 2155 Bipontinis,
2613 2078 2717 2157 qui

511 2176 663 2235 forte
689 2175 771 2233 ita
797 2179 1173 2231 correxerunt
1213 2178 1410 2228 notam
1443 2168 1734 2241 Henninii,
1778 2189 1814 2229 a
1843 2191 1965 2250 quo
1991 2190 2294 2250 perperam
2322 2174 2595 2233 laudatur
2620 2173 2716 2234 ed.

515 2271 722 2331 Paris.
767 2267 935 2348 apud
977 2267 1336 2359 Stephanum
1383 2275 1439 2327 8.
1474 2266 1650 2338 1496.
1734 2268 1834 2334 Sic
1881 2278 1942 2328 et
1982 2270 2039 2330 in
2085 2269 2314 2330 Fabric.
2343 2269 2499 2330 Bibl.
2529 2280 2590 2330 et
2616 2271 2713 2331 ed.

509 2366 747 2445 Bipont.
776 2366 1115 2443 designatur
1140 2363 1322 2422 editio
1350 2383 1404 2422 a.

1529 2471 1701 2533 1497.

586 2563 810 2623 Veneta
837 2578 951 2622 XV.
994 2560 1323 2631 Juvenum,
1352 2561 1795 2620 venetiis-fol.
1833 2570 2007 2632 1497.
2034 2562 2161 2621 sine
2188 2570 2715 2624 commentatorum

506 2678 577 2718 ac
607 2657 958 2737 typographi
987 2657 1317 2730 mentione;
1364 2655 1525 2715 uude
1548 2654 1635 2714 his
1663 2655 2078 2717 traditionibus
2103 2677 2311 2737 parum
2339 2659 2555 2720 tribuo.

585 2755 618 2786 ‘
661 2753 972 2832 Lipsiensis
1007 2770 1054 2812 1.
1084 2759 1167 2828 (n.
1200 2756 1327 2824 58.)
1377 2751 1564 2812 Liber
1593 2751 1948 2830 Satyrorum
1974 2753 2150 2814 Junii
2175 2754 2484 2817 Juvenalis
2513 2763 2716 2836 poeto

505 2850 856 2928 lepidissima·
880 2868 948 2908 ac
973 2851 1133 2908 inter
1158 2865 1347 2907 omnes
1366 2848 1672 2925 Satyricos
1693 2848 2013 2908 utilissimi.
2096 2851 2496 2930 Lipsiae—fol.
2532 2860 2710 2922 1497.

1377 2943 1469 3002 Ad
1500 2945 1842 3002 Lectorem:

825 3044 986 3103 Inter
1012 3041 1341 3120 praecipuos
1368 3050 1693 3120 satyrarum
1722 3042 2148 3120 compositores

906 3139 1093 3198 Recte
1120 3138 1489 3215 reponendus
1516 3136 1614 3196 hic
1640 3137 1941 3196 Juvenalis
1969 3139 2096 3208 erit,

825 3234 1013 3312 Cujus
1042 3234 1123 3292 ob
1148 3234 1361 3313 ingenii
1388 3234 1533 3293 vires
1556 3242 1618 3293 et
1646 3235 1849 3294 mentis
1873 3255 2120 3296 acumen

904 3331 1043 3390 Non
1069 3330 1206 3389 satis
1234 3328 1432 3388 extolli
1460 3328 1715 3388 carmina
1739 3331 1988 3407 pulchra
2016 3342 2257 3409 queunt.

825 3426 975 3487 Itala
1001 3446 1141 3505 gens
1172 3428 1357 3486 multo
1385 3426 1541 3486 bunc
1572 3426 1759 3486 laudis
1789 3437 2091 3488 veneratur
2115 3430 2355 3502 bonore,

905 3526 1109 3584 Versat
1132 3533 1193 3583 et
1219 3524 1369 3583 illius
1397 3523 1658 3582 carmina
1682 3523 1738 3581 in
1767 3543 1869 3584 ore
1897 3524 2192 3603 frequens,

819 3621 919 3691 Et,
948 3638 1146 3679 verum
1176 3631 1241 3679 nt
1269 3620 1470 3691 fatear,
1501 3630 1729 3680 tantum
1755 3622 1985 3682 extollit
2011 3624 2045 3683 J
2052 3624 2372 3695 uvenalem,

900 3716 1074 3783 Quod
1107 3717 1379 3794 praeferre
1408 3717 1587 3776 audet
1615 3716 1771 3777 bunc
1800 3737 2040 3797 quoqne
2070 3719 2327 3799 Virgilio.

823 3812 979 3872 Hinc
1010 3832 1250 3891 quoque
1277 3813 1357 3872 ob
1385 3813 1633 3891 insignes
1662 3814 1910 3892 pulchro
1935 3814 2049 3874 sub
2077 3817 2331 3876 carmine
2358 3836 2561 3877 sensus

844 3953 845 3956 η
898 3908 1144 3967 Clausos
1162 3908 1301 3983 jure
1328 3918 1527 3986 potest
1553 3908 1763 3968 cedere
1790 3910 2083 3988 Virgilius.

823 4002 988 4062 Illius
1016 4004 1285 4082 exemplo
1313 4005 1500 4082 gentis
1529 4004 1723 4064 doctae
1750 4015 1926 4083 atque
1956 4008 2160 4086 peritae

898 4099 995 4159 Tu
1024 4100 1212 4160 lector
1238 4119 1503 4178 perames
1533 4102 1648 4160 boc
1672 4103 1709 4162 J
1715 4104 1968 4164 uvenalis
1995 4123 2170 4183 opus.

1092 4215 1097 4218 ’
1391 4198 1519 4257 Hec
1545 4198 1789 4259 werden.
