3050 4913
1117 440 1368 490 Pnsssn

319 584 515 649 Brteoet,
555 584 661 649 ξι]
713 585 802 635 Ita
843 588 996 635 vetus
1037 584 1231 636 lectio:
1282 599 1384 635 non

1461 441 1625 491 SAT.
1675 443 1726 492 1.
2390 430 2520 497 211

1460 600 1545 636 ras
1567 586 1784 637 Pacuvii
1817 601 1970 638 voces
2000 587 2229 638 imitatus
2260 582 2528 640 est—Cor

311 662 497 726 Brisei,
530 676 702 728 neque
733 661 850 712 Acti
882 662 965 711 vel
1003 661 1134 712 Atti.
1203 663 1261 713 L.
1283 663 1386 713 Ac·
1447 658 1608 727 fulta]
1623 660 2527 728 synecdocheGrammaticm—-Luo-

318 739 458 789 cium
484 745 718 788 veterem
752 737 976 788 Poetam
1011 738 1265 803 tragicum
1289 738 1389 788 Pa·

318 816 459 867 curii
482 815 741 880 ὀμόχρονον
764 817 1029 881 intelligit.
1095 817 1201 865 Pro
1222 816 1388 867 Brisei

314 892 436 957 lego
459 892 649 942 Briseis
664 911 681 942 .·
716 893 1040 943 notissimum
1054 891 1280 957 ,foeniinae
1298 908 1387 943 no-

316 983 437 1019 men
461 984 526 1019 ex
552 969 782 1019 Homero
805 977 862 1020 et
891 969 1002 1020 aliis
1025 968 1238 1020 Poe'tis:
1277 970 1385 1033 ejus

316 1059 468 1095 casus
493 1045 761 1109 tragoediae
795 1045 1077 1095 convenire
1112 1060 1263 1095 nemo
1297 1061 1385 1109 po-

319 1128 429 1172 test
450 1136 659 1185 negare.
725 1123 915 1173 Briseis
938 1123 1096 1187 igitur
1116 1124 1233 1172 liber
1254 1139 1388 1173 veno-

318 1210 400 1245 sus
422 1205 477 1246 et
497 1196 710 1262 Antiopa
732 1213 994 1261 verrucosa,
1014 1196 1231 1247 duarum
1262 1198 1385 1247 Tra-

319 1272 603 1336 goediarum
620 1272 825 1323 nomina
839 1281 987 1335 sunt;
1021 1288 1238 1338 quarum
1254 1274 1386 1324 hauc

316 1348 579 1399 Pacuvius
601 1358 980 1414 composuerat,
1006 1346 1142 1399 illam
1167 1348 1387 1399 Accius:

317 1421 539 1488 figurate
576 1439 701 1474 vero
736 1426 906 1475 omnia
945 1427 1149 1475 illorum
1193 1426 1389 1490 scripta

320 1499 725 1564 designabantur
747 1500 944 1552 duabus
967 1502 1070 1552 illis
1093 1503 1389 1552 vocibus.—

327 1576 527 1626 Venosus
562 1577 702 1641 liber]
749 1579 987 1643 Turgens
1028 1585 1083 1628 et
1122 1577 1387 1629 sufflatus:

316 1651 421 1701 Vel
441 1650 703 1716 deformis,
716 1651 1087 1715 tuberosus,.ut
1101 1660 1218 1702 sunt
1235 1653 1390 1706 homi·

321 1743 417 1778 nes
440 1730 597 1780 macri
622 1738 678 1780 et
711 1745 858 1781 senes
884 1730 1011 1779 vieti
1033 1730 1220 1795 quibus
1244 1730 1393 1782 dedit

318 1806 477 1872 longa
496 1815 624 1857 aetas
644 1808 661 1836 ‘
697 1806 982 1857 deformem
1018 1822 1113 1872 pro
1145 1815 1266 1857 cute
1283 1808 1390 1873 pel·

315 1882 459 1953 lem-⁹
510 1883 630 1934 Istis
655 1884 791 1933 enim
818 1900 959 1934 venae
985 1891 1223 1948 exstant„
1235 1899 1390 1935 carue

318 1959 464 2008 senio
482 1958 785 2024 absumpta:
819 1975 1016 2011 venosus
1030 1968 1203 2013 autem
1217 1977 1396 2013 omnes

305 2037 637 2087 membranae
658 2052 761 2087 non
778 2054 1003 2101 mosas,
1020 2046 1080 2089 ut
1100 2040 1393 2105 suspicaba-

319 2118 410 2161 tur
450 2111 744 2163 Hadrianus
779 2114 1051 2166 Turnebus
1089 2130 1292 2168 xxvnt.
1312 2121 1392 2169 86.

318 2189 414 2239 lux
434 2195 491 2239 et
509 2190 668 2240 decus
692 2206 801 2241 suae
826 2194 1017 2244 aetatis.
1055 2194 1370 2244 Cusaubonus.

386 2270 453 2314 Π
476 2266 816 2331 Pacuviusque,
834 2269 936 2333 ξω]
963 2270 1071 2320 Ροὲ
1079 2278 1129 2320 ta
1153 2269 1254 2320 fuit
1268 2272 1392 2322 Tra-

320 2340 470 2407 gicus
510 2343 889 2406 Brundusium,
945 2346 1212 2409 maximus,
1266 2346 1395 2399 anti·

320 2417 615 2488 quissimus,
636 2417 803 2484 pictor
826 2420 985 2470 etiam
1004 2420 1262 2485 egregius,
1295 2422 1395 2471 En-

320 2489 396 2544 nii
421 2494 605 2544 Poetae
629 2510 694 2544 ex
718 2510 891 2545 sorore
928 2512 1121 2562 nepos:
1155 2499 1396 2562 Tragico-

322 2586 440 2620 rum
464 2571 686 2620 omnium
723 2573 970 2638 princeps
1005 2574 1142 2636 apud
1164 2574 1393 2624 Latinos.

323 2645 506 2706 Pauca
529 2647 638 2711 ejus
674 2653 873 2696 restant
907 2647 1397 2710 fragmenta.—-—Mo·

322 2723 480 2787 retur]
502 2722 771 2785 Detineat,
773 2723 945 2787 juvet,
962 2721 1397 2773 delectet.--Ver-

323 2811 507 2858 meos«,
528 2798 631 2861 mx]
662 2799 905 2861 Tumida,
924 2793 1183 2863 tuberosis,
1198 2813 1399 2864 aspera,

322 2872 554 2932 horrida,
595 2883 668 2936 et,
706 2883 766 2923 ut
810 2889 965 2939 supra
1002 2874 1153 2938 dixit,
1193 2889 1397 2925 venosa.

325 2948 463 2999 Nam
496 2948 697 2997 Veri-nea
721 2956 780 2998 ut
801 2956 859 2999 et
885 2950 1056 3012 tuber,
1079 2950 1398 3014 inaequalita-

328 3029 434 3075 tem
459 3024 640 3088 gignit.
686 3025 890 3075 casaub.

392 3105 458 3149 78
492 3100 722 3164 Antiope]
755 3101 837 3150 De
860 3101 956 3150 bac
977 3100 1169 3150 eximia
1190 3100 1400 3164 Tragoe-

328 3173 416 3225 dia
431 3175 597 3241 inquit
615 3176 797 3225 Cicero
821 3176 909 3224 l.1.
935 3174 1000 3225 de
1025 3175 1196 3225 Finib.
1220 3175 1395 3223 initio:

326 3250 351 3277 ⁶
371 3250 504 3302 Quis
527 3250 681 3299 Ennii
703 3250 948 3300 Medeam
972 3259 1028 3300 et
1058 3249 1274 3300 Pacuvii
1298 3250 1402 3299 An·

333 3321 530 3392 tiopam
552 3333 849 3377 contemnat
871 3333 928 3376 et
949 3327 1152 3390 rejiciat
1168 3327 1202 3374 ?'
1271 3327 1425 3375 Per--

330 3401 437 3452 s'ius
461 3412 633 3452 tamen
655 3402 791 3451 illam
824 3402 893 3451 ob
927 3402 1135 3451 nimiam
1158 3401 1397 3451 duritiam

331 3490 515 3542 parum
540 3477 797 3541 probavit.
862 3476 1117 3541 Intelligit
1137 3492 1261 3541 ergo
1276 3478 1400 3526 Tra·

332 3553 554 3619 guadiam
580 3554 643 3602 de
666 3553 896 3618 Antiopa
918 3567 1078 3602 uxore
1110 3553 1239 3617 Lyci
1261 3554 1399 3618 regis
1420 3583 1429 3588 -

329 3630 643 3693 Thebarum,
666 3631 752 3695 qui
773 3644 888 3679 eam
905 3645 934 3677 a
953 3629 1093 3681 Jove
1104 3627 1200 3678 sub
1225 3629 1400 3692 specie

331 3704 506 3769 Satyri
527 3720 872 3771 compressam
890 3706 1202 3771 repudiavit,
1224 3720 1427 3770 super--

330 3780 545 3832 inducta
582 3782 764 3846 Dirce,
806 3797 838 3832 a
875 3798 977 3849 qua
1020 3782 1192 3830 multis
1234 3780 1425 3831 modis·

331 3858 567 3908 cruciata
604 3863 686 3907 est
724 3856 1285 3922 Antiopa.—AErumnis
1306 3872 1403 3919 cor,

331 3931 441 3999 ξω]
472 3934 677 3998 Nempe
702 3948 818 3983 cum
853 3949 884 3983 a
906 3934 1065 3983 Dirce
1091 3938 1171 3982 tot
1194 3932 1409 3982 ealami-.

334 4008 530 4059 tatibus
570 4015 863 4073 vexaretur,
906 4017 990 4060 tot
1032 4024 1273 4059 aerumnae
1312 4023 1401 4057 cor

334 4084 442 4149 ejus
484 4085 764 4148 cingebant
797 4094 853 4135 et
893 4086 1171 4150 angebant,
1207 4092 1266 4134 ut
1302 4084 1402 4134 illis

333 4161 461 4228 ipsis
484 4163 724 4213 :erumnis
747 4170 803 4213 et
824 4165 1054 4227 miseriis,
1086 4178 1179 4214 cor
1198 4162 1404 4235 (ultum,

331 4239 531 4304 nixum,
561 4247 617 4291 et
648 4240 951 4291 incumbens
980 4240 1173 4292 habere
1206 4237 1405 4308 viuere·

336 4313 443 4368 t'ur.
510 4318 583 4368 Et
598 4317 683 4368 hic
709 4317 920 4368 Persius
954 4319 1019 4368 de
1042 4317 1296 4367 industria
1316 4316 1405 4365 du·

1460 740 1706 806 tifioubile]
1730 740 1957 792 Miseriis
1975 748 2031 793 et
2047 743 2286 793 aerumnis
2309 758 2401 793 cor
2420 740 2529 794 luc-

1461 822 1666 866 tuosum
1691 816 1905 878 liabens,
1924 817 2238 880 miserabile,
2261 818 2528 870 calamito-

1461 908 1592 955 sum,
1632 892 2012 944 luctificum.-
2027 892 2198 956 Fuua]
2235 894 2529 946 Durissima

1460 968 1687 1032 metaph.
1755 970 2015 1019 Fulcimur
2037 970 2175 1019 enim
2198 969 2349 1020 rebus
2368 972 2529 1035 gratis

1462 1051 1517 1091 et
1538 1042 1866 1105 salutaribus.
1930 1044 2140 1106 Fulcire,
2177 1060 2270 1108 pro
2304 1036 2451 1110 cingi'
2472 1056 2534 1101 et

1461 1119 1687 1183 opprimi
1742 1120 1968 1184 undique
2023 1120 2214 1183 posuit.
2292 1121 2527 1175 Turneb.

1462 1207 1668 1243 xxvnt.
1692 1199 1776 1244 26.
1823 1218 1830 1225 ι

1525 1274 1592 1319 79
1624 1270 1731 1319 Hos
1748 1269 1928 1334 pueris,
1947 1271 2053 1336 ξω]
2087 1270 2149 1319 Id
2173 1278 2271 1334 est,
2303 1273 2433 1322 Cum
2459 1274 2532 1323 vi·

1461 1344 1585 1395 deas
1617 1346 1806 1413 lippos,
1843 1362 2009 1411 senes,
2042 1355 2097 1397 et
2130 1363 2296 1398 caecos
2336 1359 2533 1417 patres,

1462 1422 1638 1487 pueris
1658 1423 1778 1473 tiliis
1796 1424 1900 1473 suis
1922 1425 2076 1474 hosce
2097 1424 2318 1474 monitus
2342 1440 2530 1489 propo-

1464 1513 1589 1548 nere
1613 1507 1668 1549 et
1684 1499 2044 1565 antiquitatem
2068 1500 2324 1550 monendo
2345 1510 2400 1550 et
2417 1503 2531 1551 hor-

1467 1575 1626 1624 tando
1641 1576 2021 1637 commendare,
2038 1584 2093 1627 ct
2113 1575 2348 1627 omnibus
2362 1577 2531 1628 modis

1463 1648 1745 1714 inculcare,
1760 1654 1885 1702 nihil
1910 1653 2094 1703 mirum
2118 1661 2216 1715 est,
2239 1654 2374 1718 quod
2395 1669 2533 1719 mag-

1465 1740 1535 1777 na
1555 1727 1625 1778 sit
1648 1726 1879 1778 confusio
1903 1735 1957 1778 et
1981 1729 2208 1779 miscella
2227 1730 2398 1780 Latini
2430 1745 2538 1780 ser-

1465 1801 1823 1853 monis.—Hos
1855 1805 2081 1868 monitus]
2118 1805 2408 1855 Verborum
2444 1821 2533 1856 ex-

1463 1878 1785 1931 hortationes
1822 1879 2417 1945 intellige.-1nsundere]
2448 1882 2537 1930 In-

1466 1954 1685 2019 stillare,
1706 1955 1850 2022 quasi
1875 1970 1990 2008 cum
2025 1963 2262 2006 materno
2295 1957 2455 2020 lacte,
2478 1965 2533 2008 et

1468 2031 1675 2082 assiduo
1698 2031 1980 2084 inculcare.
2012 2031 2188 2083 laabin.

1533 2112 1596 2157 80
1623 2108 2001 2173 Ουιενὶσηε,ᾃ·ο.]
2024 2109 2185 2161 Quasi
2203 2108 2373 2160 dicat:
2410 2110 2534 2161 Non

1466 2194 1548 2237 est
1565 2186 1747 2236 mirum
1765 2186 1808 2237 si
1827 2187 1972 2253 pueri
1992 2195 2401 2252 corrumpantur,
2419 2203 2536 2237 cum

1465 2262 1582 2312 haec
1606 2278 1636 2311 a
1660 2264 1964 2327 parentibus
1998 2264 2297 2328 acceperint
2329 2273 2384 2313 et
2407 2265 2538 2315 didi·

1466 2332 1880 2401 cerint—Unde,
1900 2339 2004 2402 εἷα]
2037 2338 2102 2388 Id
2127 2345 2227 2400 est,
2252 2340 2405 2389 Unde
2424 2340 2537 2389 haec

1468 2411 1700 2465 confusio
1738 2419 1794 2464 et
1828 2415 2048 2464 mixtura
2084 2414 2434 2467 obsoletorum
2480 2425 2536 2467 et

1470 2490 1776 2539 usitatorum
1811 2491 1864 2539 in
1902 2491 2127 2555 linguam
2160 2498 2217 2542 et
2247 2508 2537 2542 sermonem

1469 2565 1712 2615 Latinum
1745 2568 1986 2616 venerit?
2038 2568 2216 2617 Ducta
2249 2570 2480 2632 metaph.
2505 2584 2538 2617 a

1470 2641 1750 2705 sartagine,
1775 2641 1912 2707 quod
1944 2649 2006 2691 ut
2038 2643 2089 2692 in
2124 2643 2213 2692 illa
2236 2643 2429 2707 patella
2452 2659 2539 2693 va·

1470 2717 1665 2767 riorum
1697 2717 1991 2767 animalium
2026 2733 2209 2769 carnes
2243 2720 2537 2770 commixtae

1471 2792 1736 2859 friguntur
1772 2801 1828 2844 et
1870 2801 2154 2857 torrentur,
2192 2794 2268 2844 ita
2310 2809 2442 2845 nova
2483 2803 2540 2847 et

1472 2876 1671 2933 vetera,
1693 2870 1886 2920 usitata
1919 2870 2242 2920 et.obsoleta
2262 2872 2451 2935 passim
2477 2871 2544 2922 ri-

1472 2944 1644 2995 dicule
1665 2953 1719 2995 et
1741 2946 1919 3009 inepte
1951 2945 2352 3011 conjunguntur.
2420 2947 2542 3012 Vel,

1472 3023 1693 3072 sumitur
1711 3022 2088 3088 proJocutione
2108 3022 2339 3084 confusa,
2357 3039 2543 3088 aspera

1473 3105 1532 3148 et
1563 3098 1740 3148 odiosa
1775 3100 1937 3149 instar
1969 3099 2218 3163 strepitus
2251 3101 2542 3164 sartaginis.

1474 3174 1684 3224 fan-ab.
1749 3174 2024 3224 Turnebus
2047 3187 2256 3224 xxvtu.
2285 3180 2370 3224 26.
2437 3174 2543 3225 Alii

1473 3250 1649 3312 legunt
1657 3249 1883 3312 sar-rogo.

1540 3330 1601 3375 81
1639 3326 1699 3376 In
1735 3325 1950 3390 linguas]
1997 3326 2062 3376 In
2103 3341 2425 3377 communem
2457 3327 2545 3376 ho-

1474 3401 1664 3451 minum
1705 3417 1989 3453 sermonem
2029 3402 2545 3465 deveniret.--Unde,

1473 3476 1580 3540 ξω]
1613 3477 1713 3527 Illa
1737 3477 1868 3528 ratio
1892 3477 2063 3528 Latini
2084 3476 2333 3526 sermonis
2356 3475 2546 3540 fracta,

1477 3549 1789 3604 effoeminata
1812 3561 1869 3605 et
1897 3556 2011 3605 viro
2044 3554 2285 3604 Romano
2316 3552 2544 3617 indigna.

1476 3629 1798 3692 -Βεάει-ιιε]
1846 3629 2113 3693 Loquendi
2151 3629 2545 3692 corruptela.—

1479 3701 1540 3752 In
1573 3721 1679 3768 quo,
1710 3704 1813 3768 qa]
1865 3706 1980 3755 Qua
2015 3709 2260 3766 corrupta
2295 3703 2546 3769 loquendi

1478 3782 1852 3831 consuetudine
1874 3781 2093 3831 Romani
2122 3779 2339 3833 mirifice
2372 3782 2549 3833 delec-

1482 3860 1674 3907 tantur.
1711 3856 1880 3909 hubin.

1543 3938 1607 3982 82
1644 3934 1911 3999 Trosstdus]
1957 3933 2258 3985 Trossulum
2299 3935 2548 4000 oppidum

1475 4005 1578 4059 fuit
1618 4009 1905 4073 Hetruriae,
1940 4026 2042 4061 non
2075 4011 2229 4074 longe
2264 4027 2295 4061 a
2318 4011 2546 4062 Volscis.

1480 4086 1600 4137 Hoc
1637 4087 1841 4152 equites
1878 4087 2098 4138 Romani
2131 4088 2243 4137 sine
2282 4087 2545 4151 peditibus

1479 4171 1908 4229 expugnaverunt
1934 4163 2124 4215 Numio
2149 4164 2371 4229 quodam
2393 4163 2544 4212 duce.

1482 4239 1635 4290 Unde
1670 4241 1872 4306 equites
1907 4240 2124 4291 Romani
2156 4240 2380 4290 Trossuli
2414 4237 2546 4289 dicti

1481 4324 1618 4367 sunt.
1668 4317 1775 4367 Vct.
1799 4315 2247 4379 Solle-Trossulus]
2297 4315 2382 4366 lta
2416 4313 2546 4366 dicti
