3050 4913
1158 385 1458 445 suvmu
1470 389 1610 445 ms.
2303 381 2477 450 1251

263 549 586 635 quasdam
615 546 902 633 proprio
930 547 1083 613 loco
1122 567 1166 612 a
1207 547 1533 632 Rupertio
1559 545 1869 627 omissas,
1898 565 2072 618 nunc
2100 546 2283 629 dare,
2312 550 2476 616 etin
2535 616 2538 619 ,

264 650 556 716 ordinem
583 648 961 714 secundum
992 669 1196 714 annos
1222 651 1583 716 restituere.

341 751 533 816 Vidit
560 750 838 828 Lector,
885 751 1078 814 nobis
1130 750 1311 834 apud
1357 752 1647 815 animum
1693 750 1925 830 fuisse,
1957 754 2184 818 omnia
2221 774 2374 838 quae
2403 755 2472 820 in

260 854 665 919 editionibus
680 850 1062 938 Delphiniis,
1082 849 1470 937 Bipontinis,
1483 859 1552 918 et
1578 849 1633 915 V
1633 853 1908 918 ariorum
1925 858 2474 939 praestantissima

256 956 650 1033 viderentur,
679 954 904 1039 quoad
933 959 1071 1019 tam
1097 954 1371 1019 formam
1417 974 1621 1038 quam
1650 958 2017 1037 materiam,
2048 960 2377 1042 colligere,
2405 966 2475 1027 et

261 1058 322 1121 in
346 1077 549 1122 unam
576 1057 778 1141 quasi
806 1056 1130 1120 familiam
1157 1075 1578 1139 cong-regare:
1610 1058 1938 1142 simulque
1952 1060 2144 1137 vidit,
2160 1060 2474 1146 Ruperti-

260 1178 366 1224 um
387 1160 726 1224 editiones
764 1154 829 1219 V
821 1156 1098 1221 ariorum
1125 1159 1569 1224 vehementius
1587 1160 2075 1243 reprehendere,
2092 1182 2225 1228 non
2251 1165 2471 1229 minus

260 1262 697 1343 posteriorem
748 1261 936 1325 illam
980 1260 1066 1324 ab
1098 1259 1436 1324 Henninio
1466 1279 1667 1345 quam
1692 1262 1980 1346 priorem
2011 1282 2054 1327 a
2081 1263 2471 1330 Schrevelio

259 1362 524 1427 editam.
621 1362 820 1427 Certe
857 1369 1085 1426 nostro
1129 1381 1263 1426 non
1290 1367 1393 1426 est
1421 1361 1490 1425 in
1517 1364 1882 1446 proposito,
1915 1383 2034 1446 per
2063 1363 2167 1428 fas
2194 1370 2261 1428 et
2286 1365 2468 1432 nefas

262 1464 607 1538 defendere
637 1463 995 1529 editionem
1043 1459 1105 1523 V
1099 1461 1400 1542 ariorum,
1430 1482 1511 1527 eo
1558 1464 1775 1526 minus
1808 1463 1986 1546 quod
2016 1484 2165 1528 eam
2192 1485 2323 1530 non
2350 1487 2472 1550 per

257 1568 476 1630 omnia
521 1566 663 1649 ipsi
713 1566 1179 1650 approbemus.
1266 1561 1365 1628 At
1393 1564 1591 1629 etiam
1619 1564 1678 1628 si
1705 1564 1968 1628 labores
2011 1566 2373 1635 Scbrevelii
2403 1576 2473 1635 et

260 1667 609 1748 Henninii,
658 1670 725 1733 in
767 1667 1054 1732 editione
1083 1667 1200 1730 illa
1227 1665 1625 1744 declaratoS,
1653 1666 1924 1730 multum
1970 1670 2470 1737 commendave-

259 1772 483 1848 rimuS,
518 1790 662 1834 non
699 1770 971 1834 deerunt
997 1769 1186 1833 nobis
1211 1768 1381 1833 inter
1407 1768 1697 1833 eruditos
1724 1767 1842 1852 qui
1860 1771 2132 1832 summis
2160 1771 2470 1838 laudibus

256 1873 523 1937 eosdem
560 1872 1059 1937 cumulaverint.

338 1974 609 2038 Multus
651 1972 1087 2057 proculdubio
1133 1972 1408 2038 debetur
1451 1972 1663 2037 honos
1681 2054 1689 2061 .
1709 1972 1968 2056 ingenio
2016 1972 2468 2060 doctrinaeque

262 2077 573 2161 Rupertii
594 2098 614 2156 3
648 2095 848 2159 quem
866 2077 936 2138 in
953 2074 1251 2140 ornando
1268 2082 1340 2142 et
1355 2074 1748 2140 illustrando
1766 2074 1812 2140 J
1817 2075 2090 2141 uvenale
2108 2096 2305 2160 quam
2324 2079 2471 2162 plu-

260 2183 493 2244 rimum
524 2180 951 2264 praestitisse,
987 2178 1290 2242 omnibus
1318 2178 1385 2241 in
1415 2177 1724 2242 confesso
1760 2182 1886 2243 est.
1985 2175 2083 2242 At
2107 2179 2335 2245 videat
2361 2180 2467 2244 vir

258 2282 341 2345 cl.
354 2301 436 2345 ne
448 2281 521 2344 in
533 2278 871 2343 nonnullis
881 2297 1006 2342 suo
1021 2298 1093 2341 se
1107 2277 1256 2361 glad
1263 2280 1327 2342 io
1330 2278 1361 2363 j
1368 2278 1751 2360 ugulaverit.
1776 2278 2177 2346 Henninium
2190 2282 2469 2346 multum

262 2385 619 2468 vituperat:
642 2390 712 2446 at
729 2387 952 2444 tamen
975 2379 1146 2443 idem
1167 2400 1318 2444 eum
1339 2380 1503 2444 mire
1516 2380 1774 2458 laudat,
1790 2381 1991 2445 immo
2011 2381 2259 2446 adeum
2279 2402 2469 2469 saepe

258 2490 607 2569 provocat,
634 2486 776 2569 ejus
798 2484 1188 2549 auctoritate
1205 2503 1388 2568 saepe
1408 2484 1612 2546 nixus
1630 2489 1756 2561 est,
1774 2484 2051 2567 viasque
2065 2505 2182 2567 per
2197 2486 2467 2550 easdem

256 2588 546 2652 incessit.
595 2587 933 2664 Quaedam
958 2586 1232 2650 antebac
1261 2606 1445 2669 saepe
1473 2586 1769 2667 vulgata,
1788 2587 1858 2650 in
1879 2588 2092 2668 prima
2119 2606 2244 2649 sua
2261 2587 2307 2653 J
2314 2607 2469 2652 uve-

262 2691 420 2754 nalis
448 2691 770 2767 editione,
800 2693 874 2752 ut
902 2686 1146 2751 crambe
1177 2687 1462 2771 repetita,
1492 2688 1644 2751 visa
1669 2692 1837 2752 sunt.
1927 2687 2016 2751 Et
2037 2689 2094 2751 si
2126 2689 2240 2751 alii
2265 2690 2471 2755 multa

265 2795 605 2877 praebeant
636 2793 719 2855 de
744 2792 969 2855 Satira
990 2795 1055 2853 et
1072 2789 1401 2867 Satiricis,
1430 2807 1641 2852 nonne
1670 2790 1779 2852 ille
1802 2790 2102 2854 similiter
2124 2810 2195 2854 se
2218 2791 2466 2872 gessit?

260 2898 331 2960 Si
356 2896 826 2980 praecedentes
853 2891 1138 2956 editores
1170 2892 1413 2974 larg-ius
1461 2892 1964 2956 commentarios
1995 2892 2470 2976 suppeditave-

262 3001 400 3076 rint‚
430 3016 659 3062 nonne
690 2996 800 3059 ille
833 2993 1018 3057 dedit
1046 3012 1226 3069 suos,
1258 3012 1394 3056 una
1424 3011 1575 3056 cum
1597 2991 2034 3071 ExcursibuS,
2063 3014 2184 3057 nec
2214 2999 2466 3077 parce?

264 3100 470 3164 Immo
495 3099 740 3183 ipsein
756 3095 1100 3181 posteriori
1119 3094 1405 3158 editione
1426 3094 1638 3158 multa
1656 3096 1968 3172 correxit,
1987 3096 2191 3158 multa
2218 3099 2466 3178 omisit,

258 3204 574 3286 quaedam
606 3200 829 3264 forsan
858 3205 1130 3278 temere3
1163 3197 1475 3281 quaedam
1494 3197 1778 3260 mutavit
1814 3197 1882 3259 in
1901 3199 2092 3283 pejus
2115 3195 2165 3279 ;⁶
2197 3198 2365 3263 adeo
2395 3205 2472 3266 ut

260 3323 602 3369 vereamur
619 3321 701 3364 ne
720 3300 850 3365 tela
876 3299 1084 3362 suain
1098 3317 1487 3382 seopusque
1500 3317 1695 3362 suum
1708 3299 2101 3383 rejiciantur,
2122 3302 2180 3364 si
2200 3302 2305 3366 vel
2325 3321 2469 3366 ma-

254 3408 516 3483 teriam,
541 3403 655 3469 vel
683 3402 1000 3478 ordinem,
1028 3400 1134 3465 vel
1163 3400 1658 3485 dispositionem
1693 3402 2470 3484 respiciamus.—‘Usus

253 3515 473 3574 autem
508 3507 663 3591 ejus
691 3501 1007 3584 (editionis
1039 3499 1491 3586 Henniniateae)
1520 3504 1654 3568 dici
1675 3505 1794 3568 vix
1823 3510 2042 3587 potest
2069 3511 2469 3588 quantopere

254 3610 663 3696 impediatur
680 3626 784 3683 eo,
798 3604 979 3689 quod
998 3605 1214 3667 omnia
1231 3604 1362 3668 fere
1381 3625 1537 3689 quae
1561 3605 2022 3687 complectitur
2037 3626 2281 3666 seorsem
2303 3603 2470 3690 lypis

253 3729 587 3796 expressa
631 3714 779 3772 sunt
819 3713 888 3771 ct
935 3727 1008 3769 se
1051 3707 1335 3770 invicem
1380 3708 1748 3790 excipiunt.
1839 3707 2023 3770 Hinc
2062 3706 2286 3770 multae
2316 3708 2469 3772 libri

253 3817 521 3898 paginae
564 3811 784 3894 (immo
840 3828 1041 3870 omnes
1095 3807 1243 3871 libri
1294 3806 1683 3887 Satirarum)
1727 3809 1812 3871 ad
1866 3808 2164 3890 quemvis
2207 3828 2468 3874 versum

254 3922 406 3980 sunt
452 3911 874 3989 evolvendae,
924 3929 1053 3974 non
1095 3910 1235 3974 sine
1281 3930 1523 3994 magna
1570 3911 1890 3993 temporis
1912 3908 2217 3993 jactura!
2236 3919 2261 3962 ⁷
2350 3912 2468 3990 Sic,

1261 4081 1472 4131 1401·AE

312 4205 346 4249 6
380 4200 586 4264 AEqnns
650 4197 841 4245 Lector
893 4201 1133 4261 utrasque
1177 4196 1329 4248 editt.
1412 4195 1585 4262 1803.)
1605 4197 1859 4258 consulat,
1878 4196 2165 4260 etjudicet.

252 4276 509 4343 Rupertii
534 4276 610 4340 (u.
636 4274 780 4337 Lips.
815 4277 960 4323 18⁰1.
996 4280 1051 4323 et
1090 4273 1328 4338 Gotting.
1475 4278 1506 4323 7
1543 4273 1640 4325 Ed.
1667 4275 1885 4338 Rupert.
1909 4277 2055 4325 18⁰³.
2081 4288 2133 4340 p.
2158 4275 2241 4322 76.
