3050 4913
1164 385 1404 436 PBRSH

340 526 652 590 10.—-Am·m]
707 529 837 581 Qnae
875 534 1024 578 tanto
1069 533 1308 592 tempore
1349 530 1401 578 in

342 605 512 654 animo
551 604 661 668 ejus
697 605 1001 667 habitarint,
1039 614 1094 655 ut
1124 607 1236 669 jam
1269 607 1400 655 aviae

341 681 541 730 censeri
578 682 792 744 possint,
826 689 881 730 et
920 682 1047 731 alias
1091 691 1244 747 atque
1278 685 1404 733 alias

342 758 615 821 opiniones
631 771 661 805 e
683 773 737 807 se
762 758 1066 821 produxisse
1093 776 1106 808 ε
1153 760 1253 820 vel,
1277 775 1403 823 quas

344 848 475 898 puer
512 849 578 883 ex
604 835 715 883 avia
746 835 1007 884 didicerit.
1074 836 1405 885 Casanbonus

344 924 441 975 per
465 917 644 961 veteres
673 912 804 961 arias
836 913 1083 975 intelligit
1112 914 1405 976 opinionem

340 987 628 1037 nobilitatis
661 995 717 1038 et
752 990 1097 1051 arrogantiam
1124 995 1407 1050 ventosam,

342 1064 492 1127 cnjus
515 1065 665 1113 sedes
691 1065 741 1112 in
767 1066 1021 1129 pulmone.
1057 1065 1227 1114 Labin.

409 1145 475 1189 98
511 1140 767 1204 Non,85c.]
822 1139 1042 1191 Refutat
1072 1144 1183 1205 jam
1225 1141 1405 1189 Damae

345 1215 711 1279 objectionem,
749 1216 887 1280 quod
922 1231 1024 1265 non
1067 1217 1300 1278 praetoris
1322 1220 1408 1279 sit,

345 1289 635 1340 hominibus
679 1292 867 1354 stultis,
889 1292 1211 1355 sapientiam,
1242 1302 1297 1342 et
1318 1293 1407 1342 ho-

345 1366 567 1416 minibus
589 1368 757 1418 animo
780 1368 962 1430 servis,
978 1368 1280 1417 libertatem
1304 1369 1409 1416 ani-

344 1444 418 1493 mi
441 1443 750 1504 concedere,
774 1445 863 1493 sed
901 1445 1188 1507 sapientum
1216 1452 1274 1495 et
1304 1446 1411 1508 phi-

345 1521 687 1584 losophorum.
711 1520 1146 1583 laabim—Tenatio,
1167 1522 1274 1585 &eq
1292 1523 1412 1571 Sce-

343 1601 460 1647 lera
484 1604 540 1645 et
578 1598 768 1660 majora
800 1595 997 1660 flagitia
1030 1606 1214 1648 vetant
1252 1599 1409 1660 leges.

351 1673 523 1738 (Uda
543 1687 715 1735 rev-mn,
749 1673 803 1722 id
837 1681 934 1734 est,
976 1675 1230 1723 servanda
1254 1675 1309 1723 in
1333 1690 1411 1725 re-

349 1754 448 1804 bus
493 1753 722 1817 agendis,
758 1768 859 1801 non
904 1752 1093 1802 docent
1128 1755 1274 1817 leges
1314 1753 1413 1807 nisi

347 1833 642 1894 παχνμερῶς.
698 1828 1001 1893 Philosophi
1025 1843 1149 1878 vero
1169 1836 1412 1882 accurate

347 1908 634 1972 explicant,
666 1921 783 1971 qua:
812 1906 931 1955 boni
970 1906 1067 1954 viri
1104 1907 1207 1955 sint
1229 1904 1415 1970 officia,

349 1985 405 2033 in
427 1985 566 2034 omni
584 1998 637 2032 re
656 1983 815 2032 etiam
834 1981 1069 2031 minima:
1109 1988 1234 2045 puta
1252 1982 1415 2048 victu,

348 2061 560 2123 vestitu,
588 2060 801 2124 aliisque
835 2059 992 2107 etiam
1030 2058 1414 2107 minutioribus.

354 2135 557 2185 Casanb.
623 2136 719 2184 Vel
743 2137 921 2198 tenuia,
941 2149 1056 2198 quse
1079 2134 1339 2182 subtiliter
1358 2141 1415 2183 et

348 2222 506 2264 acute
519 2213 720 2276 justum
759 2212 826 2260 ab
846 2212 1057 2275 injusto,
1081 2211 1324 2261 decorum
1348 2211 1413 2270 ab

349 2291 622 2340 inhonesto
665 2289 957 2339 discernere
1004 2288 1224 2351 possint.
1278 2288 1414 2337 Tur-

350 2366 474 2416 neb.
499 2378 594 2416 xx.
617 2371 665 2415 1.

413 2449 480 2495 94
514 2446 689 2508 Atque,
709 2443 812 2506 θα]
836 2442 900 2493 1d
917 2449 1019 2503 est,
1041 2441 1223 2491 Artem
1239 2446 1295 2490 et
1317 2440 1417 2489 sci-

352 2522 546 2572 entiam
566 2522 886 2585 permittere,
904 2526 960 2569 et
979 2519 1282 2569 concedere.
1351 2518 1414 2567 Id

353 2607 458 2659 est,
492 2599 760 2648 Rationem
798 2613 900 2662 qua
935 2597 1118 2661 aliquis
1148 2597 1278 2646 sciat
1318 2597 1415 2646 hac

354 2675 519 2726 veloci
547 2674 652 2723 vita
673 2683 819 2724 recte
853 2674 948 2723 uti.
981 2673 1156 2722 Lubin.

417 2756 481 2801 95
517 2751 814 2811 Sumbucum,
835 2749 940 2813 ξω]
988 2750 1162 2811 Longe
1185 2747 1338 2797 citius
1362 2755 1419 2797 et

353 2826 559 2877 facilius
597 2827 910 2885 sambucam,
933 2832 1022 2874 aut
1044 2824 1181 2873 aliud
1203 2823 1419 2888 quodvIs

353 2903 762 2954 Instrumentum
804 2901 1079 2961 Musicum,
1123 2900 1247 2961 alto,
1285 2914 1418 2963 prae-

353 2978 555 3042 grandi,
577 2986 631 3026 et
660 2984 807 3026 vasto
837 2975 992 3025 alicui
1014 2975 1229 3025 militnm
1249 2989 1418 3035 servo,

352 3059 410 3103 et
439 3053 607 3103 caloni
643 3052 758 3117 (qui
798 3059 971 3101 tamen
1004 3051 1259 3101 Musicam
1295 3065 1420 3099 nuu-

354 3142 509 3194 qnam
530 3126 740 3186 didicit)
756 3128 1034 3193 aptaveris,
1048 3136 1103 3176 et
1120 3129 1204 3176 vel
1222 3126 1416 3175 asinum

356 3206 483 3270 lyra·-
505 3211 562 3254 et
583 3203 771 3253 fidibus
805 3204 1050 3254 canendis
1086 3209 1262 3265 aptum
1304 3201 1417 3251 red-

355 3280 938 3344 dideris.—Snmbncam]
964 3281 1072 3330 Nos
1092 3280 1318 3329 nablium
1338 3281 1419 3329 vel
1437 3346 1446 3351 ·

354 3357 572 3421 harpam
613 3371 884 3406 vocamus:
935 3362 1111 3421 potest
1149 3356 1307 3405 etiam
1346 3357 1421 3404 iu-

356 3433 528 3496 telligi
551 3433 616 3482 de
652 3433 899 3481 Machina
938 3432 1143 3493 bellica,
1183 3447 1299 3496 quae
1338 3447 1424 3497 cy-

357 3512 526 3561 tharae
563 3511 614 3560 in
649 3525 839 3559 morem
875 3508 1083 3559 funibus
1119 3508 1425 3573 intenditur,

358 3601 464 3652 qua
485 3585 768 3635 utebantur
790 3586 843 3634 in
872 3585 1257 3649 expugnatione
1279 3586 1424 3649 oppi-

356 3661 820 3724 dorum—Coloni]
846 3663 1066 3711 Calones
1078 3661 1295 3710 militum
1319 3677 1424 3711 ser-

358 3739 429 3802 vl,
463 3739 551 3803 qni
589 3738 796 3799 vallum,
825 3752 1011 3803 aquam
1046 3744 1101 3787 et
1132 3738 1271 3801 ligna
1292 3737 1423 3788 fere-

359 3814 519 3865 bant:
569 3815 720 3862 κᾶλον
752 3815 888 3863 enim
926 3814 1118 3878 liguum
1150 3813 1423 3878 significat.

360 3891 565 3954 -Auoj
590 3891 844 3955 Procero,
865 3892 1035 3958 longo,
1053 3897 1109 3941 et
1127 3891 1302 3941 bardo.
1338 3891 1425 3940 Illi

360 3968 500 4017 enim
537 3969 709 4032 magni
749 3971 1052 4033 plerumque
1097 3968 1424 4033 stupidiores.

363 4046 517 4095 Idem·

425 4124 493 4170 96
526 4120 658 4184 Stat,
679 4122 784 4185 asa]
834 4121 1024 4171 Sensus
1045 4127 1151 4170 est:
1188 4121 1327 4174 Quin
1349 4119 1426 4184 ip·

363 4210 422 4246 sa
440 4197 600 4247 etiam
621 4198 843 4247 humana
862 4196 995 4247 ratio
1016 4205 1199 4247 contra
1227 4202 1349 4261 stat,
1370 4202 1426 4246 et

360 4278 632 4341 repugnat,
667 4280 726 4327 et
764 4273 1047 4342 unicuique
1082 4275 1136 4325 in
1172 4281 1426 4327 secretam

2403 369 2537 439 265

1477 544 1649 579 aurem
1675 532 1835 581 tacite
1857 531 2053 595 gannit,
2075 538 2129 580 et
2153 531 2453 594 insusurrat,
2470 547 2537 583 ne

1479 608 1606 657 illud
1642 607 1817 658 facere
1858 611 2096 674 cuiquam
2151 610 2335 671 liceat,
2372 617 2426 658 et
2470 624 2537 659 ne

1480 684 1595 748 quis
1640 685 1764 733 illud
1812 693 1999 745 tentet,
2038 686 2172 749 qnod
2220 686 2436 746 ignorat,
2482 693 2537 735 et

1481 774 1741 823 nunqnam
1762 760 1960 817 didicit,
1983 769 2037 809 ct
2062 760 2197 825 quod
2231 761 2277 810 si
2298 761 2408 824 quis
2429 769 2539 809 ten·

1481 842 1560 885 tet
1586 852 1758 900 agere,
1782 838 1909 886 illud
1934 839 2134 901 agendo
2159 837 2377 886 vitiabit.
2445 838 2547 885 Est

1480 915 1615 963 enim
1631 917 1826 976 grunnio,
1847 917 2074 978 vulpium
2100 916 2378 978 proprium.
2436 914 2540 963 Hic

1480 1006 1577 1054 pro
1598 1000 1802 1042 secreto
1826 994 2084 1054 admonet,
2106 1001 2159 1043 et
2179 995 2228 1041 iu
2252 1007 2427 1041 aurem
2450 992 2543 1040 im-

1480 1077 1765 1118 murmurat
1787 1077 1842 1117 et
1868 1071 2170 1117 insusurrat.
2203 1069 2375 1117 Lubin.

1545 1147 1607 1192 97
1636 1144 1788 1206 Quod,
1809 1143 1913 1206 Bra]
1951 1146 2169 1207 Egregie
2194 1144 2360 1192 dixit:
2388 1142 2541 1195 Quod

1481 1219 1595 1282 quis
1616 1220 1816 1283 agendo
1839 1222 2173 1281 contaminat,
2207 1228 2260 1268 et
2282 1218 2462 1281 foedat,
2488 1226 2544 1269 ut

1482 1295 1525 1343 si
1547 1296 1784 1345 Medicus
1802 1296 2003 1345 fabrilia
2022 1305 2233 1347 tractet.
2276 1296 2361 1344 Ita
2383 1297 2543 1344 etiam

1484 1373 1706 1436 Praetor‚
1743 1375 1785 1421 si
1816 1375 1923 1437 ipse
1958 1372 2094 1423 forte
2133 1375 2340 1435 stultus,
2373 1373 2545 1422 stultis

1485 1449 1792 1512 sapientiam
1828 1457 2044 1499 conetur
2079 1450 2352 1513 impartiri.
2389 1449 2541 1499 Idem,

1549 1531 1615 1575 98
1649 1527 1847 1576 Publica
1880 1527 1982 1589 lex]
2037 1526 2255 1575 Publica
2284 1525 2543 1574 hominnm

1485 1603 1571 1650 lex
1607 1616 1707 1650 non
1731 1602 1946 1666 scripta,
1987 1603 2080 1651 sed
2117 1602 2378 1651 nobiscum
2404 1608 2546 1663 nata,

1485 1686 1543 1727 et
1581 1678 1692 1741 ipsa
1727 1685 1911 1726 natura
1940 1679 2038 1727 hoc
2075 1676 2172 1740 fas,
2204 1677 2258 1726 id
2293 1685 2391 1733 est,
2413 1678 2544 1727 hanc

1476 1754 1735 1818 justitiam
1781 1760 1837 1802 et
1872 1754 2171 1817 aequitatem
2214 1753 2448 1802 continet
2489 1759 2547 1803 et

1486 1831 1764 1897 unicuique
1804 1831 2045 1892 dictitat;
2100 1839 2158 1881 ut
2202 1831 2548 1895 unusquisque

1488 1914 1655 1957 artem
1678 1924 1831 1972 quam
1867 1908 2066 1971 didicit,
2095 1909 2551 1958 excretum—Con·

1486 1985 1629 2048 tinet]
1676 1986 1739 2034 In
1762 2001 1817 2035 se
1836 1987 2217 2050 complectitur.
2243 1986 2418 2035 Lubin.

1552 2066 1618 2110 99
1658 2062 1870 2124 Ut‚q·e.]
1922 2063 2138 2112 Nature
2169 2063 2395 2125 gentium
2424 2061 2548 2124 jure

1490 2138 1832 2188 constitutum
1857 2147 1958 2200 est,
1988 2146 2047 2187 ut
2068 2139 2233 2188 debilis
2253 2139 2443 2187 inscitia
2464 2152 2551 2186 ou-

1481 2213 1773 2279 juscunque
1819 2215 1945 2264 artis
1975 2215 2263 2279 imperitus,
2303 2222 2358 2264 et
2393 2229 2551 2279 prop-

1490 2295 1637 2338 terea
1654 2292 1907 2354 impotens
1929 2291 1991 2339 ad
2007 2292 2147 2340 illam
2171 2291 2511 2340 exercendam
2537 2305 2551 2339 z

1488 2380 1607 2414 nam
1631 2367 1892 2429 imperitia
1914 2366 2140 2427 ἀδυναμία
2169 2367 2404 2430 quaedam
2436 2375 2555 2427 est;

1490 2446 1647 2491 tenent
1668 2444 1855 2503 vetitos,
1874 2443 1926 2492 id
1952 2450 2051 2503 est,
2079 2443 2270 2492 habeat
2305 2459 2400 2508 pro
2421 2444 2552 2493 veti-

1493 2518 1558 2567 tis
1598 2533 1659 2566 ac
1701 2519 1799 2568 sibi
1845 2519 2135 2568 interdictis
2175 2525 2307 2569 actm
2350 2535 2554 2584 nempe,

1492 2608 1623 2659 quos
1645 2596 1824 2645 nescit.
1862 2596 2333 2659 Casuum—Teneat]
2368 2596 2429 2645 Id
2453 2603 2555 2659 est,

1492 2672 1776 2734 contineat,
1811 2671 2059 2732 inhibeat,
2080 2680 2134 2721 et
2156 2673 2299 2737 quasi
2336 2686 2555 2721 remore-

1494 2754 1611 2807 tnr3
1648 2756 1704 2796 et
1726 2748 1914 2810 malim,
1938 2749 2004 2797 Ut
2022 2754 2197 2811 teneat,
2221 2748 2555 2799 substituere.

1492 2824 1752 2873 ——Vett'tos
1788 2823 1940 2886 uetus]
1984 2826 2260 2886 Sublimes,
2299 2823 2557 2888 difficiles,

1493 2899 1597 2948 tuis
1615 2900 1838 2948 humeris
1863 2907 1919 2948 et
1931 2900 2125 2949 viribus
2149 2902 2390 2964 majores,
2411 2907 2467 2950 et
2489 2901 2557 2950 ob

1495 2976 1834 3038 ignorantiam
1851 2975 1944 3024 tibi
1959 2976 2245 3038 prohibitos
2270 2981 2325 3024 et
2348 2976 2556 3025 vetitos.

1495 3052 1646 3100 Idem.

1562 3132 1656 3176 lot)
1690 3128 1996 3191 Dilais,85c.]
2055 3129 2338 3179 Confirmat
2364 3131 2561 3194 superi-

1494 3216 1634 3251 orem
1670 3204 2071 3267 propositionem
2109 3206 2274 3256 adhuc
2312 3207 2558 3265 similibus

1496 3279 1562 3327 ab
1597 3286 1709 3328 arte
1740 3279 1960 3341 medica,
1983 3287 2036 3329 et
2067 3296 2247 3331 navem
2283 3283 2560 3346 agendi.—

1495 3353 1681 3415 Diua]
1735 3355 1863 3403 Cum
1888 3354 1997 3403 aliis
2020 3356 2301 3418 pharmacis
2326 3357 2560 3406 commis·

1497 3444 1587 3479 ces
1609 3437 1665 3479 et
1684 3433 2316 3496 temperas—Elleborum]
2351 3436 2465 3483 Quo
2485 3434 2562 3481 in·

1498 3522 1651 3556 sanus
1678 3508 1757 3556 vel
1776 3517 1997 3571 aegrotus
2020 3520 2286 3572 purgetur.
2332 3508 2435 3557 Hic
2465 3523 2559 3572 pro

1498 3585 1679 3648 quovis
1704 3584 2077 3635 medicamento
2100 3586 2563 3651 punitum—Certo,

1497 3662 1604 3725 ξω]
1621 3662 1667 3710 N
1674 3676 1739 3709 ou
1763 3662 1827 3710 ad
1847 3662 2106 3724 trutinam,
2128 3662 2218 3711 sed
2231 3662 2294 3710 ad
2314 3668 2563 3712 stateram

1498 3737 1695 3799 retulit,
1710 3752 1825 3801 quae
1838 3738 2043 3800 punctis
2061 3745 2116 3786 et
2131 3738 2295 3787 unciis
2309 3739 2563 3802 signatur.

1506 3814 1613 3862 Vet.
1638 3812 2096 3876 Sch.—Certo,&c.]
2145 3815 2383 3879 Metaph.
2409 3831 2440 3865 a
2462 3823 2565 3867 sta-

1499 3897 1631 3940 tera.
1699 3890 1760 3939 Id
1785 3897 1882 3952 est,
1914 3890 2095 3939 debito
2131 3892 2382 3955 pondere,
2424 3909 2566 3944 men·

1499 3980 1640 4029 sura,
1660 3972 1714 4016 et
1736 3966 2090 4030 proportione,
2110 3968 2175 4017 ad
2210 3975 2455 4019 stateram
2479 3984 2566 4019 ex·

1500 4044 1745 4105 aminata,
1788 4057 1853 4092 ne
1897 4044 2011 4107 plus
2056 4044 2288 4095 minusve
2343 4046 2564 4096 medica·

1498 4120 1680 4183 menti,
1712 4134 1866 4183 quam
1906 4133 2002 4183 par
2041 4127 2140 4183 est,
2175 4128 2369 4185 aegroto
2394 4122 2566 4186 propi·

1498 4209 1592 4246 nes
1596 4195 2000 4259 .—Conpexere]
2050 4195 2387 4261 Temperare,
2409 4197 2567 4250 corri-

1500 4286 1643 4340 gere,
1664 4270 1956 4323 emendare.
1987 4270 2158 4323 wia.

1498 387 1662 435 SA'r.
1709 389 1779 436 V·
