3050 4913
524 371 698 441 1184
1182 382 1572 438 ascansus
1620 384 2048 435 sorum-mu

1548 536 1721 590 1485.

606 628 835 688 Veneta
884 643 980 688 vx.
1047 625 1354 689 Iuvenalis
1409 625 1650 705 Satyrae
1704 646 1831 686 cum
1877 645 2074 686 comm.
2121 624 2378 686 Domitia·
2427 624 2736 688 Calderini

525 726 782 786 Venetiis
805 745 917 804 per
945 725 1283 805 Baptistam
1311 723 1381 783 de
1412 723 1794 784 Tortis—fol.
1834 732 2004 785 1485.
2449 747 2454 751 ·

586 823 781 881 *Nova
821 823 1090 901 repetitio
1134 823 1372 880 Venetae
1417 837 1528 880 111.
1559 820 1605 879 si
1650 819 1917 880 Fabricio
1960 819 2107 879 fides
2147 819 2439 879 habenda.
2525 820 2736 880 Mirari

528 927 685 981 certe
749 919 905 989 licet,
962 939 1084 998 quo
1130 927 1414 979 emtorum
1464 917 1663 977 studio
1718 916 1983 992 ejusdem
2037 917 2385 996 typographi
2440 917 2738 979 sumtibus

529 1015 703 1076 trium
734 1034 1018 1077 annorum
1058 1015 1250 1095 spatio
1280 1024 1368 1075 ter
1411 1016 1578 1092 prelo
1614 1013 1827 1072 excudi
1869 1012 2130 1090 potuerit
2153 1014 2187 1073 J
2195 1013 2473 1085 uvenalis,
2514 1024 2576 1073 et
2603 1015 2738 1093 qni-

530 1111 668 1172 dem
696 1112 974 1185 venetiis,
1018 1112 1079 1172 in
1107 1131 1226 1189 qua
1254 1112 1400 1172 urbe
1441 1119 1724 1189 praeterea
1767 1108 2015 1169 aliorum
2059 1109 2217 1189 typis
2244 1108 2323 1168 ab
2361 1128 2418 1170 a.
2455 1118 2628 1173 1483.
2656 1108 2735 1172 ad

539 1216 713 1270 1501.
743 1209 914 1270 toties
942 1228 1250 1289 expressus
1279 1217 1388 1267 est.

1548 1304 1722 1367 1486.

583 1420 592 1426 ·
618 1404 649 1435 ¹¹
692 1406 911 1465 Veneta
940 1421 1067 1466 v11.
1109 1409 1192 1481 (n.
1232 1405 1357 1477 49.)
1394 1401 1702 1462 ,luvenalis
1735 1419 1864 1461 cum
1905 1419 2103 1461 comm.
2135 1400 2242 1461 Ge.
2275 1397 2458 1460 Valla
2488 1398 2739 1462 Placea-

535 1503 655 1560 tim‘
682 1499 1129 1562 venetiis-tol.
1164 1499 1337 1562 1486.

614 1597 708 1656 Ad
735 1598 961 1658 calcem
993 1598 1123 1657 haec
1143 1595 1480 1674 subscripta
1508 1605 1680 1656 sunt:
1727 1603 1745 1629 ⁸
1773 1596 1922 1656 Finis
1951 1597 2011 1655 in
2034 1596 2222 1655 Decio
2246 1597 2280 1656 J
2288 1595 2428 1655 unio
2446 1597 2480 1656 J
2490 1594 2737 1655 uvenale

534 1694 827 1773 Aquinate
853 1694 1257 1755 commentarii
1286 1684 1389 1752 dni
1414 1692 1658 1770 Georgii
1678 1692 1862 1751 Vanae
1889 1692 2228 1761 Placentini,
2258 1691 2519 1768 impressi
2545 1693 2739 1752 Vene-

533 1789 627 1849 tiis
670 1809 774 1868 per
808 1791 1145 1869 magistrum
1175 1788 1493 1848 Antonium
1538 1789 1613 1847 de
1643 1788 1837 1848 Strata
1881 1789 1984 1864 (al.
2014 1789 2249 1861 Strada)
2289 1791 2736 1849 Cremonensem

533 1904 685 1947 anno
726 1884 832 1946 diii
863 1900 1388 1946 mcccczxxxw.
1418 1884 1513 1944 die
1551 1902 1685 1944 vm
1734 1886 2101 1958 Novembris,
2146 1886 2475 1963 Augustino
2517 1884 2742 1944 Barba-

533 1983 654 2043 rico
693 1983 1060 2062 imperante!
1140 1983 1288 2041 Haec
1332 1981 1536 2053 editio,
1581 2001 1756 2058 qnam
1802 1993 1861 2042 et
1911 1984 2206 2043 Maittaire
2247 1983 2496 2043 contulit
2538 1981 2597 2040 in
2641 1980 2741 2042 ed.

536 2079 726 2140 Lond.
776 2079 972 2151 1716..
1021 2079 1209 2157 prima
1250 2087 1342 2138 est
1383 2078 1786 2138 commentarii
1823 2080 1937 2139 Ge.
1968 2079 2169 2152 Vallae,
2212 2100 2327 2140 non
2373 2080 2596 2137 Veneta
2639 2092 2741 2138 lx.

537 2177 693 2255 quod
724 2178 1016 2256 putabant
1041 2175 1188 2237 socii
1214 2174 1536 2254 Bipontini.
1626 2177 1741 2236 Ge.
1773 2176 1961 2248 Valla,
1985 2176 2299 2237 Placentiae
2328 2184 2523 2244 natus,
2553 2174 2745 2234 Medi-

537 2292 640 2332 cus
681 2282 742 2332 et
778 2272 939 2333 Prof.
979 2273 1147 2351 Ling.
1194 2274 1396 2333 Graec.
1442 2281 1502 2332 et
1546 2274 1677 2331 Lat.
1723 2274 2000 2344 Venetus,
2047 2274 2323 2352 idemque
2368 2271 2741 2343 clarissimus,

539 2380 755 2448 praeter
804 2371 991 2430 multa
1040 2371 1152 2429 alia
1202 2370 1258 2430 in
1311 2370 1656 2431 Juvenalem
1712 2372 2194 2431 commentarium
2242 2369 2447 2441 edidit,
2502 2369 2562 2428 in
2620 2389 2742 2448 quo

542 2470 720 2528 multa
767 2468 1165 2547 superioribus
1213 2468 1469 2547 sublegit
1508 2469 1941 2548 interpretibus,
1991 2490 2098 2529 nec
2143 2470 2328 2528 minus
2373 2468 2742 2547 etymologiis

539 2565 847 2624 verborum
891 2564 1153 2637 indulsit,
1197 2585 1401 2643 parum
1444 2585 1583 2625 vero
1626 2567 1764 2625 novi
1805 2585 1875 2625 ac
1919 2566 2078 2636 boni,
2130 2566 2217 2624 vel
2258 2565 2407 2624 adeo
2453 2567 2743 2643 praeclari,

539 2659 665 2738 ipse
692 2661 906 2721 attulit.
995 2663 1145 2721 Usus
1175 2672 1369 2721 tamen
1397 2673 1486 2721 est
1525 2663 1771 2742 antiquo
1798 2663 2005 2723 codice
2036 2665 2177 2733 Ms„
2219 2665 2320 2741 qui
2345 2671 2404 2722 et
2432 2664 2633 2734 Probi,
2678 2672 2745 2724 ut

541 2757 810 2834 putabat,
850 2757 1232 2816 Grammatici
1278 2759 1786 2836 interpretamenta
1828 2759 2188 2828 continebat,
2232 2779 2366 2836 quae
2407 2769 2611 2838 postea
2654 2761 2748 2820 Pi-

540 2851 728 2910 tboeus
757 2856 836 2926 (v.
868 2851 971 2911 inf.
1001 2851 1080 2911 ad
1104 2851 1251 2912 edit.
1282 2853 1464 2914 Paris.
1501 2864 1675 2915 1585.
1708 2858 1789 2928 8.)
1846 2856 2094 2916 Scholiis
2123 2859 2396 2916 Veterum
2426 2857 2745 2917 emendan-

541 2946 631 3006 dis
670 2948 1129 3026 supplendisque
1166 2951 1453 3010 adhibuit.
1535 2951 1685 3011 Illud
1729 2953 1855 3031 ipse
1884 2953 2112 3013 indicat
2152 2953 2212 3011 in
2239 2954 2550 3025 Prooemio,
2592 2955 2746 3032 epis-

543 3044 676 3105 tolae
715 3045 791 3106 ad
834 3048 1115 3107 Joannem
1158 3047 1452 3107 Tuccium
1495 3049 1896 3108 Pannonicum
1942 3048 2229 3120 subnexo,
2272 3050 2328 3107 in
2372 3070 2492 3129 quo
2532 3060 2748 3128 praeter

543 3141 724 3202 vitam
767 3144 801 3203 J
810 3144 1066 3203 uvenalis
1097 3145 1449 3223 brevemque
1477 3145 1552 3204 de
1578 3147 1766 3206 Satira
1793 3146 2270 3223 disputationem,
2319 3146 2446 3206 baec
2475 3147 2749 3225 leguntur

542 3239 759 3300 verba:
830 3241 1023 3300 ‘Sane
1076 3241 1360 3319 comperti
1412 3241 1554 3301 mihi
1608 3254 1743 3303 sunt
1800 3263 1985 3321 nuper
2036 3243 2212 3303 Probi
2266 3243 2629 3321 grammatici
2685 3246 2752 3303 in

539 3336 879 3397 Juvenalem
909 3338 1326 3409 commentarii,
1374 3349 1660 3417 qnantum
1698 3338 1889 3398 adhuc
1930 3339 2269 3409 audiverim,
2315 3339 2459 3398 nulli
2486 3339 2581 3398 alii
2609 3358 2749 3418 cog-

543 3433 675 3505 niti,
734 3434 834 3493 sed
893 3435 1052 3493 mirae
1107 3435 1421 3505 brevitatis,
1478 3436 1738 3515 alioquin
1795 3448 1989 3497 tamen
2045 3457 2330 3515 perquam
2378 3447 2748 3515 opportunos

545 3530 865 3608 aliquando
894 3551 955 3591 se
984 3531 1153 3590 nobis
1180 3533 1577 3593 obtulerumt:
1620 3535 1965 3594 obtulissent
1996 3554 2131 3593 vero
2169 3554 2294 3594 sese
2319 3533 2517 3593 adbuc
2546 3533 2749 3611 magis,

549 3628 657 3686 nisi
712 3629 881 3689 nobis
934 3630 1156 3707 singula
1211 3630 1559 3690 rimantibus
1614 3632 1834 3692 codicis
1882 3632 2118 3691 nimium
2171 3633 2398 3691 cariosa
2452 3631 2753 3691 invidisset

546 3735 820 3798 vetustas,
864 3737 922 3787 et
951 3728 1000 3787 si
1042 3728 1098 3785 in
1144 3746 1345 3786 omnes
1373 3727 1552 3787 libros
1600 3730 1914 3806 compositi
1942 3729 2283 3800 habeantur,
2329 3729 2427 3808 qui
2457 3729 2552 3786 vix
2597 3727 2752 3787 tertii

548 3823 684 3881 libri
725 3824 1040 3884 secundam
1070 3825 1310 3902 attigere
1340 3827 1762 3904 satyram—(h.
1791 3847 1844 3886 e.
1875 3827 1999 3885 Sat.
2030 3829 2235 3899 vnn).
2319 3823 2751 3903 invigilavimus

550 3939 689 3978 vero
734 3920 863 3998 ipsi,
908 3921 956 3979 si
983 3921 1164 3980 modo
1204 3922 1265 3981 id
1305 3923 1586 4000 consequi
1629 3924 1941 4000 potuimus,
1992 3934 2055 3982 ut
2097 3924 2285 3982 omnis
2326 3922 2504 3999 hujus
2552 3929 2750 4001 poene

551 4023 775 4092 pateret
828 4017 1099 4077 eruditio.
1185 4019 1360 4078 Probi
1409 4019 1925 4097 interpretamenta
1978 4019 2312 4095 cujusmodi
2365 4038 2435 4077 ea
2497 4017 2754 4100 suerunt,

553 4129 688 4192 quae
716 4114 888 4191 plane
917 4116 1227 4192 perexigua
1256 4125 1410 4185 sunt,
1440 4136 1514 4175 ne
1543 4115 1601 4173 in
1631 4114 1867 4174 minima
1896 4115 2133 4193 quidem
2163 4126 2330 4193 parte
2357 4114 2755 4174 subtraximus

553 4225 659 4300 aut
683 4215 1144 4277 immutavimus-⁹
1225 4209 1498 4279 Ceterum
1529 4219 1696 4278 Valla
1725 4219 1782 4280 in
1824 4219 1957 4301 ipso
1983 4220 2017 4279 J
2025 4221 2264 4281 uvenale
2292 4219 2476 4280 multa
2502 4217 2756 4279 subinde
