3050 4913
1224 372 1501 423 SA‘rutA
1563 376 1616 425 10'

318 513 605 596 Pinguis
631 515 1049 598 aqualiculus
1077 536 1405 601 propenso
1435 520 1833 603 sesquipede
1860 528 2098 590 exstet.
2127 536 2130 539 ’

320 614 387 681 0
412 615 458 680 J
462 635 583 680 ane
607 617 623 680 Ξ
654 637 698 680 a
725 623 904 699 tergo
934 638 1127 701 quem
1152 620 1334 683 nulla
1363 621 1623 685 ciconia
1647 624 1872 705 pinsit,

317 715 475 782 Nec
498 736 732 791 manus
762 721 1093 784 auriculas
1120 721 1375 784 imitata
1402 728 1504 788 est
1533 724 1798 787 mobilis
1829 725 2026 803 altae,

318 819 475 884 Nec
500 822 764 905 linguae,
796 828 1111 907 quantum
1142 824 1329 888 sitiat
1358 825 1544 887 canis
1577 824 1867 908 Appula,
1900 829 2191 893 tantum!

2422 832 2512 899 60

311 1054 697 1128 ςιαιιάρᾳκίιὶεπι,
720 1067 751 1101 o
777 1052 938 1112 Calue,
973 1051 1066 1099 tibi
1083 1036 1316 1114 pmminet
1335 1056 1498 1128 center:
1519 1051 1696 1129 obem,
1719 1068 1809 1103 uno
1836 1057 1952 1118 pede
1969 1063 2017 1105 et
2037 1057 2233 1106 dimidio
2252 1064 2511 1122 proteum.

320 1122 369 1167 0
393 1117 521 1166 felix
540 1119 687 1194 June,
722 1133 854 1179 quem
876 1132 905 1164 ιι
943 1122 1076 1191 tergo
1095 1118 1241 1191 ‘nula
1262 1118 1421 1164 mnam
1452 1131 1651 1191 encoma,
1687 1134 1831 1181 neque
1863 1136 2028 1170 manus
2059 1122 2240 1185 inflexa
2279 1126 2513 1202 efpressit

311 1196 453 1232 aures
481 1196 612 1231 asim
649 1181 806 1238 albam·
838 1195 984 1244 neque
1022 1180 1203 1229 irridet
1239 1187 1435 1229 exertae
1475 1182 1655 1243 langue
1693 1187 1894 1246 tantum,
1928 1191 2147 1248 «[ιιιιηὲυηι
2188 1196 2360 1240 exerit
2381 1203 2512 1239 cums

1241 1337 1564 1358 Ooeeoeooeee

304 1447 380 1491 ’⁶6
416 1443 547 1499 Quia
560 1447 670 1506 pote
691 1441 794 1491 Ms.
820 1443 1013 1490 R.—⁵s
1038 1425 1396 1505 Antiquissimi
1417 1440 1621 1504 quidam
1646 1441 1828 1491 Critici
1851 1443 2090 1505 legerunt
2109 1444 2251 1506 pisus,
2273 1443 2352 1492 vel
2371 1445 2508 1507 pisit.

304 1508 603 1558 ‘Casaubom

622 1507 787 1569 pinxit
814 1506 913 1556 Ms.
936 1506 1187 1556 Oak—59
1221 1505 1419 1555 Omnes
1453 1504 1562 1553 fere
1585 1505 1839 1555 editiones
1874 1515 1930 1556 et
1967 1508 2274 1557 membrana
2310 1509 2506 1558 habent

308 1571 590 1623 «lua—6⁰
623 1575 773 1620 tanta
812 1571 914 1620 Ms.
955 1570 1017 1620 R.
1083 1574 1231 1619 tentoe
1266 1568 1458 1619 habent
1491 1570 1819 1620 membranae.
1885 1571 2023 1621 Puto
2065 1580 2236 1622 tamen
2274 1573 2510 1627 Persium

1311 1784 1357 1835 N
1367 1784 1527 1835 01*AE

384 1902 472 1952 Vis
497 1901 675 1965 dicam]
750 1902 909 1952 Visne
953 1908 1011 1951 ut
1053 1915 1149 1967 ego
1193 1915 1370 1949 verum

310 1978 531 2043 ingenue
554 1980 649 2028 tibi
668 1979 854 2040 dicam,
871 1977 1008 2044 quod
1029 1976 1222 2027 frustra
1238 1991 1372 2042 quae-

310 2055 381 2104 ris
404 2055 471 2105 ab
488 2055 873 2105 adulatoribus?

377 2132 614 2193 Nugaris,
634 2147 740 2179 cum
762 2131 869 2193 tibi,
896 2132 1011 2200 ῥα]
1059 2130 1226 2192 Nugae
1250 2135 1370 2178 sunt

314 2214 405 2256 tua
426 2209 650 2257 carmina
671 2213 725 2256 et
746 2207 960 2271 ineptiae
981 2223 994 2255 :
1019 2221 1229 2271 operam
1253 2221 1369 2270 per-

310 2278 393 2332 dis
424 2281 478 2331 in
514 2282 765 2332 cudendis
804 2282 1050 2345 versibus,
1087 2297 1212 2347 quos
1244 2297 1370 2331 nun-

311 2373 464 2423 quam
489 2358 653 2408 bonos
683 2356 864 2409 facies.
932 2359 1066 2408 Nam
1091 2360 1292 2423 pinguis
1315 2365 1371 2408 et

307 2434 497 2486 obesus
535 2442 715 2485 venter
751 2430 990 2487 subtilem
1029 2449 1230 2485 sensum
1269 2451 1370 2486 non

308 2511 554 2576 parturit,
578 2513 737 2575 juxta
760 2514 1000 2563 Graecum
1025 2513 1171 2576 illud,
1191 2515 1369 2575 παχεῖα

308 2588 497 2651 γαστὴρ
511 2589 689 2636 λεπτὸν
708 2588 764 2636 οὔ
782 2587 929 2638 τίκτει
952 2587 1075 2638 vuar.

370 2669 437 2714 5⁷
502 2665 828 2728 Aqualiculus]
884 2665 1257 2714 Dimiuutivum
1301 2664 1367 2713 ab

308 2741 482 2805 aquali
505 2749 560 2790 et
592 2742 843 2804 aqualino,
880 2740 1015 2804 quod
1050 2741 1256 2804 proprie
1281 2756 1367 2789 vas

308 2821 411 2877 est,
445 2815 499 2863 in
535 2831 635 2880 quo
662 2816 845 2865 bibunt
868 2816 1037 2880 porci:
1074 2831 1369 2880 quanquam

308 2889 565 2954 significat
580 2892 737 2942 etiam
762 2893 954 2942 ventris
979 2892 1127 2942 imam
1149 2899 1367 2956 partem.

371 2971 437 3017 58
474 2970 520 3016 0
537 2968 686 3031 June]
716 2970 881 3021 Jauus
905 2973 1071 3031 Deus,
1093 2970 1177 3020 cui
1199 2970 1368 3020 binam

303 3041 534 3093 frontem
583 3043 830 3094 affluxere
875 3055 1105 3096 veteres:
1161 3045 1297 3096 unde
1339 3061 1371 3095 a

305 3129 455 3186 tergo
476 3122 703 3174 derideri
724 3138 824 3173 non
842 3139 989 3189 posse
1010 3123 1230 3175 affirmat
1247 3126 1372 3174 Per-

303 3199 435 3261 sius,
455 3199 677 3263 hincque
699 3200 901 3249 felicem
921 3215 1032 3249 esse
1056 3203 1146 3250 ait.
1216 3201 1365 3251 Quod

303 3274 346 3324 si
383 3274 644 3324 Poetastri
684 3275 802 3324 bina
837 3276 1034 3338 pariter
1069 3274 1241 3326 fronte
1287 3291 1365 3326 es-

299 3357 441 3411 sent,
464 3349 746 3400 derisiones
766 3366 802 3412 ,a
824 3357 972 3414 tergo
996 3351 1236 3414 plurimas
1258 3354 1363 3401 evi-

302 3435 499 3487 tarent,
542 3434 631 3476 aut
670 3429 851 3477 saltem
897 3427 1156 3489 videntes,
1211 3442 1361 3492 quam

299 3503 410 3553 sint
431 3503 639 3554 ridiculi
675 3510 894 3555 nossent.
959 3505 1038 3553 De
1074 3506 1208 3556 Jauo
1246 3505 1362 3570 lege

296 3578 344 3628 si
367 3581 443 3628 vis
461 3580 700 3628 Macrob.
722 3581 925 3628 Saturu.
951 3593 988 3628 1.
1007 3585 1056 3629 9.

364 3656 520 3705 Nulla
554 3656 735 3704 ciconia
759 3655 933 3719 pinsit]
965 3656 1026 3705 Id
1062 3664 1161 3718 est,
1197 3657 1363 3706 nullus

296 3730 493 3797 digitus
515 3732 580 3781 ad
606 3732 811 3781 modum
844 3732 998 3781 rostri
1037 3732 1250 3781 ciconiae
1273 3747 1362 3781 ex.

301 3817 512 3871 tensus;
550 3809 685 3873 quod
728 3808 942 3873 primum
978 3816 1055 3856 est
1091 3809 1361 3858 derisionis

298 3903 474 3952 genus.
575 3888 646 3936 D.
694 3885 999 3950 Hieronym.
1047 3884 1258 3934 Fra-fat.
1302 3884 1357 3933 in

293 3963 642 4027 Sophoniam:
676 3961 693 3988 ‘
713 3962 769 4011 Si
806 3962 999 4011 scirent
1037 3962 1260 4011 Holdam
1282 3961 1355 4008 vi·

292 4039 361 4089 ris
387 4039 684 4089 tacentibus
708 4038 1059 4102 prophetasse,
1096 4053 1355 4102 nunquam

290 4122 413 4180 post
452 4122 658 4179 tergum
686 4129 856 4163 meum
892 4127 1095 4163 manum
1123 4115 1356 4163 incurva-

289 4199 405 4241 rent
427 4191 481 4240 in
503 4189 793 4260 ciconiam?
859 4188 962 4238 Alii
985 4195 1156 4238 tamen
1177 4191 1358 4252 volunt

287 4267 599 4319 derisionem
645 4266 787 4317 illam
828 4264 943 4315 fiori
987 4266 1208 4332 solitam,
1251 4281 1356 4317 non

1451 1914 1626 1949 manus
1647 1899 1738 1950 sed
1762 1901 1881 1951 colli
1918 1902 2220 1951 extensione
2255 1907 2378 1965 post
2416 1900 2506 1951 ali-

1451 1991 1621 2041 quem,
1659 1977 1818 2027 instar
1857 1979 2164 2027 ciconiarum
2204 1977 2387 2026 collum
2421 1991 2511 2026 ex·

1449 2054 1787 2103 tendentium.
1876 2054 2029 2107 Quod
2076 2054 2419 2114 verisimilius,
2452 2060 2508 2103 et

1441 2131 1597 2194 juvat
1617 2133 1687 2180 D.
1720 2132 2021 2194 Hieronym.
2058 2132 2170 2179 loco
2202 2144 2320 2180 mox
2342 2130 2508 2180 citan-

1450 2206 1536 2270 do,
1557 2205 1623 2253 ad
1647 2206 1844 2255 Rustic.
1862 2206 2102 2257 Monach.

1514 2287 1580 2332 59
1614 2283 1716 2331 Nec
1754 2297 1920 2331 manus
1954 2283 2213 2346 auriculas]
2266 2280 2506 2331 Alterum

1450 2365 1534 2409 est
1587 2360 1854 2408 derisionis
1910 2373 2087 2422 genus,
2142 2358 2391 2421 appositis
2439 2358 2504 2406 ad

1452 2441 1686 2499 tempora
1725 2434 2012 2500 pollicibus,
2055 2435 2180 2484 alios
2219 2433 2410 2497 digitos
2449 2439 2505 2485 et

1449 2514 1692 2579 reliquam
1731 2528 1934 2563 manum
1971 2528 2182 2562 movere
2224 2527 2285 2561 eo
2328 2510 2504 2573 modo,

1448 2605 1547 2654 quo
1571 2590 1739 2638 asinus
1762 2596 1933 2638 movet
1955 2602 2115 2638 aures.

1510 2665 1674 2728 Altus]
1703 2667 1853 2730 Vulg.
1879 2665 2025 2728 albas,
2068 2664 2189 2730 quia
2212 2662 2345 2712 intus
2369 2662 2501 2716 albae

1445 2749 1565 2794 sunt
1587 2758 1736 2792 aures
1759 2743 1984 2792 asininae.
2489 2799 2495 2805 .

1510 2825 1577 2869 60
1610 2821 1713 2870 Nec
1734 2820 1924 2882 ling-ue,
1945 2815 2192 2882 quantum]
2241 2815 2356 2865 Nec
2391 2813 2511 2863 irrl‹

1448 2896 1539 2946 det
1562 2903 1614 2946 te
1634 2903 1899 2959 protracta
1921 2901 2121 2944 tantum
2138 2894 2326 2956 lingua,
2344 2907 2503 2957 quan-

1449 2981 1558 3022 tum
1583 2973 1883 3037 protrahere
1905 2972 2072 3021 solent
2086 2985 2237 3020 canes
2254 2968 2504 3018 sitibundi

1448 3051 1500 3099 in
1525 3051 1734 3114 regione
1756 3049 1940 3099 calida.
1974 3049 1989 3074 ‘
2012 3048 2128 3095 Tria
2163 3053 2281 3095 sunt
2319 3060 2501 3094 sanna-

1447 3142 1557 3176 rum
1583 3139 1799 3188 geners:
1834 3132 1923 3174 aut
1947 3117 2095 3171 manui
2118 3120 2407 3185 siguificare
2432 3121 2503 3170 ci-

1444 3203 1676 3263 coniam;
1752 3209 1842 3251 aut
1886 3200 2120 3265 apposito
2180 3195 2500 3261 temporibus

1445 3279 1650 3344 pollice,
1704 3279 1957 3327 auriculas
2000 3277 2238 3336 asininas,
2281 3282 2371 3324 aut
2410 3275 2503 3324 lin-

1445 3369 1599 3418 guam
1644 3354 1866 3404 sitientis
1909 3353 2087 3403 canis!
2180 3352 2311 3401 Haec
2357 3357 2500 3400 vetus

1439 3431 1615 3481 Schol.
1641 3433 1709 3480 D.
1733 3437 1902 3480 autem
1942 3430 2240 3492 Hieronym.
2277 3428 2329 3475 in
2353 3425 2501 3494 Epis-

1442 3508 1547 3556 tola
1590 3506 1656 3555 ad
1691 3507 1958 3556 Rusticum
2000 3505 2336 3554 Monachum:
2374 3502 2390 3530 ‘
2414 3502 2499 3551 Ne

1440 3584 1657 3644 credas,'
1702 3583 1885 3652 inquit,
1929 3583 1943 3607 ⁸
1970 3577 2335 3637 laudatoribus,
2395 3575 2497 3625 imo

1441 3660 1752 3721 irrisoribus,
1786 3658 2009 3723 quicum
2036 3664 2086 3704 te
2120 3652 2499 3703 adulationibus

1439 3736 1545 3785 suis
1567 3733 1806 3795 foverint,
1827 3734 1869 3782 si
1889 3732 2059 3781 subito
2077 3727 2386 3793 respexeris,
2408 3731 2500 3778 aut

1441 3811 1755 3862 ciconiarum
1779 3807 2132 3872 deprehendes
2152 3811 2268 3869 post
2289 3811 2343 3853 te
2365 3805 2499 3854 colla

1437 3886 1661 3947 curvari,
1701 3893 1788 3932 aut
1827 3897 1978 3933 manu
2013 3882 2268 3932 auriculas
2309 3880 2499 3944 agitari

1438 3962 1586 4024 asini,
1624 3968 1712 4009 aut
1748 3966 2053 4009 aestuantem
2077 3959 2220 4007 canis
2253 3953 2497 4021 protendi

1435 4035 1696 4101 linguam!

1502 4112 1650 4162 Canis
1671 4110 1882 4175 Appula]
1917 4110 2108 4174 Apulia
2146 4109 2313 4160 Italiae
2352 4106 2494 4171 regio

1434 4203 1614 4239 versus
1637 4188 1822 4237 ostium
1843 4186 1982 4235 sinus
2003 4184 2279 4236 Adriatici.
2338 4183 2494 4236 Penio

1436 4271 1527 4317 tur
1547 4280 1642 4330 pro
1663 4262 1892 4329 qualibet
1909 4261 2118 4327 regions
2136 4260 2320 4320 calida.
