3050 4913
471 370 747 440 xxxviii

472 531 782 583 Asianorum
820 537 1126 583 ornamenta
1147 532 1221 597 iii,
1252 537 1350 583 218
1415 548 1545 583 saxa

468 597 585 648 haec
629 602 686 646 et
740 599 845 647 tela
891 604 1077 660 putant
1130 596 1396 662 (fulmina)
1428 599 1542 659 xiil,

469 666 567 712 281
656 662 802 711 Deos
854 670 1193 712 contemnere
1255 669 1417 712 testes
1464 661 1539 713 sa-

471 727 573 777 cile
604 732 661 776 et
698 741 914 789 pronum
953 736 1053 791 est,
1084 728 1125 776 si
1149 728 1380 777 mortalis
1398 729 1540 778 idem

471 805 627 842 nemo
644 791 779 840 sciat
801 792 910 852 xiii,
930 797 993 840 76
1062 808 1161 842 non
1178 808 1308 855 esse,
1324 801 1380 842 et
1399 793 1539 843 nullo

470 855 719 905 mundum
743 866 950 905 rectore
976 859 1101 919 regi,
1137 857 1228 906 sed
1253 873 1285 906 a
1311 859 1542 907 Fortuna

470 920 583 983 xiii,
626 924 691 969 80
715 936 790 985 sq.
856 922 994 970 solos
1044 921 1307 971 habendos
1351 923 1539 984 credit,

509 1000 613 1062 uos·
643 984 756 1048 ipse
799 985 928 1035 colit
949 1001 1039 1048 xv,
1081 990 1146 1035 88
1228 987 1351 1063 piis
1391 988 1539 1037 iratis

469 1053 1539 1180 ffflss’⁸22„ffiffissqpsseiiffffi¹vbi⁷sssscssiij

472 1194 592 1243 ova,
611 1181 707 1243 sal,
728 1180 832 1229 liba
851 1195 902 1241 v,
924 1185 987 1229 86
1055 1181 1155 1230 Dis
1182 1179 1395 1230 infernis
1414 1183 1538 1230 'Per-

470 1255 652 1309 raeque
688 1245 893 1308 parenti
937 1243 1200 1294 sufficiunt
1238 1245 1396 1295 Decii
1441 1260 1538 1309 pro

470 1309 596 1359 totis
632 1310 924 1372 legionibus
970 1318 1025 1359 et
1062 1310 1296 1360 omuibus
1335 1311 1539 1360 auxiliis

468 1373 579 1436 viii,
615 1378 712 1423 267
801 1374 1032 1423 adversis
1115 1375 1287 1425 enitns
1329 1391 1385 1436 x,
1442 1380 1539 1424 129

471 1439 593 1488 Diis
615 1439 889 1502 permittes
911 1454 1083 1504 expen
1122 1454 1228 1503 ere,
1264 1441 1389 1504 quid
1412 1455 1536 1490 con·

471 1504 648 1553 veniat
670 1504 990 1553 nobis—illis
1029 1511 1228 1566 notum,
1261 1506 1348 1569 qui
1372 1506 1541 1569 pueri,

471 1569 745 1645 qualisque
767 1567 949 1618 futura
970 1570 1039 1618 sit
1063 1577 1194 1618 uxor
1214 1584 1268 1631 x,
1289 1573 1404 1634 847,
1439 1573 1537 1619 868

469 1634 710 1697 malignis
745 1633 992 1683 exaudita
1027 1640 1148 1683 vota
1170 1649 1224 1696 x,
1266 1638 1359 1684 111
1428 1633 1540 1684 offi-

469 1698 607 1748 cium
629 1699 764 1748 vatis
786 1698 1159 1762 peragentibus
1177 1699 1250 1758 xi,
1275 1703 1369 1748 118
1423 1713 1540 1762 pro-

467 1763 626 1812 missa
667 1763 906 1811 animalia
930 1764 1019 1826 xii,
1055 1768 1087 1812 2
1176 1764 1336 1813 tantis
1382 1763 1541 1827 dignu

468 1827 682 1876 victima
715 1828 807 1889 xii,
860 1831 955 1877 114
1045 1828 1342 1877 auctoribus
1401 1829 1541 1878 ultor

467 1898 586 1942 erat
608 1891 1078 1956 Agamemnonides
1100 1893 1317 1951 vimmo
1383 1892 1540 1955 digua

471 1957 733 2006 sententia
754 1957 859 2017 xiv,
888 1960 988 2005 200
1052 1956 1297 2005 invidiam
1337 1954 1540 2007 faciunt

470 2023 611 2071 mala
634 2020 900 2070 immeritis
921 2020 1152 2069 immissa
1174 2035 1260 2081 xv,
1284 2025 1396 2084 122,
1442 2026 1538 2071 128

537 2086 739 2135 Dextra
756 2101 797 2134 s.
830 2084 1052 2133 dextera
1072 2085 1308 2149 laevaque
1327 2088 1540 2137 tenebat

470 2149 750 2213 bipennem
785 2149 856 2209 vi,
896 2152 993 2197 868
1081 2150 1123 2198 si
1164 2150 1336 2199 sonuit
1379 2148 1540 2212 ferro,

469 2214 706 2279 laevaque
744 2214 788 2262 si
823 2214 978 2277 longo
1010 2221 1300 2263 castrorum
1334 2215 1387 2262 in
1424 2231 1540 2265 car-

471 2293 594 2329 cere
627 2278 815 2328 mansit
836 2279 905 2341 vi,
944 2282 1042 2326 660
1108 2277 1301 2328 librata
1330 2281 1539 2345 nequic-

469 2357 624 2456 auum
647 2340 833 2392 effudit
858 2341 1139 2405 pendentia
1167 2344 1303 2392 retia
1319 2345 1426 2408 viii,
1441 2349 1539 2394 204

471 2407 484 2419 “
511 2407 546 2456 li
581 2407 800 2473 jacebat
843 2407 1017 2456 bellua
1053 2408 1125 2472 iv,
1159 2412 1254 2458 120
1338 2409 1538 2460 dextrae

473 2473 750 2523 exstinctae
793 2488 899 2522 non
943 2474 1072 2522 utile
1135 2487 1325 2537 corpus
1355 2475 1429 2536 iii,
1471 2481 1538 2525 48

471 2537 576 2587 illis
614 2537 889 2588 dissimiles
913 2538 1135 2602 lapidem
1176 2539 1312 2588 hunc
1329 2541 1540 2592 valeant

471 2601 712 2652 emittere
734 2619 823 2663 xv,
861 2608 924 2653 67
1004 2602 1240 2652 dextram
1280 2606 1541 2656 subeunte

471 2667 663 2717 bacillo
681 2668 755 2727 iii,
793 2673 858 2717 28
924 2667 1166 2717 cohibere
1205 2678 1467 2720 memento
1489 2686 1542 2731 ν,

471 2736 535 2781 71
604 2732 728 2798 quid
770 2739 874 2781 tam
913 2732 1100 2781 dextro
1138 2732 1273 2794 pede
1306 2736 1539 2799 concipis

473 2812 529 2859 x,
549 2802 580 2845 6
648 2796 836 2845 dextra
866 2796 977 2857 jam
1016 2802 1287 2859 computat
1307 2812 1425 2848 auos
1453 2815 1540 2849 an-

475 2875 569 2910 nos
588 2860 837 2925 (Nestor)
859 2876 911 2923 x,
933 2865 1030 2909 249

537 2925 796 2975 Diadema
858 2925 1063 2977 Quirini
1103 2923 1213 2986 viii,
1257 2930 1356 2976 269
1452 2928 1539 2978 hic

475 2990 702 3054 pretium
745 2989 953 3040 sceleris
998 2990 1138 3053 tulit,
1182 2989 1270 3041 ille
1327 3006 1540 3043 crucem

470 3054 583 3117 xiii,
605 3060 698 3105 106
789 3055 1081 3104 diademate
1104 3057 1274 3119 posito
1310 3070 1427 3108 cnm
1449 3057 1541 3108 fal·

473 3133 588 3168 cem
612 3127 838 3170 sumeret
859 3121 1111 3169 Saturnus
1131 3121 1245 3182 xiii,
1265 3126 1329 3172 80

539 3184 711 3234 Diana
727 3187 946 3248 pulchra
964 3201 1015 3246 x,
1033 3190 1132 3236 292
1198 3187 1402 3249 nianae,
1417 3202 1542 3236 ven-

475 3247 650 3298 atrlcis
671 3250 877 3312 puellae,
897 3252 1122 3300 calamos
1145 3252 1540 3315 pharetramque

471 3311 584 3375 xiii,
605 3316 669 3361 80
735 3314 959 3363 Dianam
983 3329 1136 3364 nemo
1159 3322 1439 3364 veneratur
1460 3316 1539 3379 (in

472 3376 726 3442 AEgypto)
750 3393 837 3439 xv,
858 3383 889 3426 8
957 3379 1023 3427 ad
1049 3384 1272 3428 vestram
1295 3393 1378 3427 me
1417 3393 1538 3428 con-

471 3450 625 3494 verte
650 3458 681 3491 a
706 3444 885 3491 Cumis
906 3442 979 3505 iii,
999 3447 1096 3492 820

537 3508 691 3558 Dicit
711 3521 970 3571 nunquam
993 3507 1133 3558 aliud
1151 3506 1375 3565 Natura,
1398 3507 1539 3556 aliud

472 3571 545 3623 Sa
583 3572 872 3643 ientiagxiv,
896 3576 991 3623 821
1058 3572 1274 3621 dicebat
1295 3572 1444 3622 littus
1462 3586 1540 3622 se-

473 3652 560 3688 ne
612 3652 669 3687 as
709 3638 811 3689 ecti
836 3638 1004 3687 echini
1039 3638 1112 3699 iv,
1135 3641 1229 3686 148
1316 3638 1538 3688 diximus

474 3717 629 3816 {¹3¹3
694 3702 1541 3832 ffi⁰r3¹2¹1¹33¹30¹31÷¹¹³184⁶¹⁰31233

477 3832 601 3897 qaid
625 3832 853 3895 scapulis
875 3802 1155 3896 puerornr’n
1172 3834 1327 3894 ix‚68
1392 3833 1539 3883 dicas

475 3908 783 3961 quamquam
826 3897 941 3945 haec
995 3898 1195 3946 mollius
1240 3898 1426 3947 Haemo
1467 3900 1538 3961 vi,

477 3964 574 4012 198
639 3960 680 4008 si
714 3961 809 4009 sub
844 3962 1047 4024 judice,
1084 3961 1225 4023 viui,
1261 3961 1400 4025 quod
1433 3976 1538 4011 non

476 4024 654 4075 vidisti
677 4024 765 4087 vii,
801 4030 863 4074 18
931 4027 1108 4075 dicant
1138 4026 1181 4074 si
1217 4026 1269 4074 in
1305 4027 1536 4075 tabulam

473 4091 632 4143 sollae
670 4089 909 4153 discipuli
954 4098 1059 4139 tres
1093 4091 1146 4152 ii,
1188 4094 1253 4139 28
1335 4090 1539 4140 diceret

512 4155 602 4205 sid
644 4155 968 4219 Pythagoras
990 4171 1077 4217 κν,
1122 4159 1214 4204 171
1290 4154 1537 4218 Sejanum

525 4226 764 4285 ugustum
785 4220 930 4283 plebs
952 4236 1007 4283 x,
1027 4225 1094 4269 70
1157 4219 1376 4269 dixisset
1393 4220 1537 4272 sisic

473 4286 644 4338 o'tnnia
664 4300 718 4350 x,
740 4288 833 4335 124
880 4284 1075 4337 dixerit
1093 4283 1207 4351 quis
1221 4298 1536 4350 generemus
1577 4300 1590 4308 ·

1327 388 1576 439 nmssx
1630 392 1899 441 RERUM

1616 533 1725 595 viii,
1763 537 1828 583 80
1894 534 1999 598 dic,
2038 539 2131 584 aut
2168 535 2350 599 accipe
2390 536 2591 587 calcem
2606 538 2686 601 ili,

1616 602 1711 647 296
1775 599 1952 662 igitur,
1990 599 2113 664 quid
2159 607 2413 664 prestent
2453 602 2546 663 vii,
2587 609 2685 653 108

1618 663 1743 726 quid
1767 664 1974 727 placeat
1993 678 2048 724 x,
2066 668 2161 713 888
2229 666 2348 725 tibi,
2392 668 2481 729 qui
2518 668 2588 718 sis
2610 669 2685 727 xi,

1616 730 1679 776 88
1747 743 1849 792 qua
1869 728 2149 792 Tisiphone
2172 727 2240 790 vi,
2260 733 2343 792 29,
2363 734 2461 780 280
2509 734 2686 782 senior

1616 791 1729 854 xiii,
1751 796 1815 841 88
1882 792 2056 842 dicere
2075 795 2120 842 si
2144 799 2314 844 tentes
2335 795 2530 859 aliquid
2552 797 2684 846 taci-

1618 861 1770 906 tusve
1827 858 2060 920 recedas,
2115 859 2439 909 tantumdem
2486 870 2569 910 est
2607 862 2683 922 iii,

1615 925 1712 970 297
1792 922 1904 985 ejus
1942 937 2127 972 nomen
2166 938 2267 973 non
2314 924 2478 974 audeo
2501 925 2538 983 i,
2584 930 2681 976 168

1617 986 1705 1034 vix
1724 987 1907 1049 possis,
1925 995 2054 1052 quot
2072 994 2180 1037 cet.
2199 990 2305 1049 air,
2325 994 2419 1038 160
2486 991 2528 1038 si
2552 991 2685 1040 licet

1614 1051 1685 1112 xi,
1708 1054 1801 1100 194
1869 1059 1923 1101 te
1965 1053 2206 1101 miserum
2253 1054 2387 1102 aude
2426 1055 2540 1112 xiii,
2585 1061 2679 1105 161

1614 1117 1842 1165 moechos
1867 1131 1968 1166 non
1994 1124 2096 1167 tam
2132 1118 2238 1167 cito
2263 1118 2462 1181 poterit
2487 1120 2594 1182 xiV,
2615 1125 2684 1169 28

1615 1179 1753 1244 quod
1793 1182 1913 1230 nolo
1933 1182 2038 1244 viii,
2073 1185 2169 1232 276
2228 1183 2317 1245 jus
2339 1183 2406 1232 de
2441 1198 2686 1234 mensura

1614 1260 1668 1304 x,
1694 1249 1785 1294 101
1856 1247 2080 1309 plurima
2104 1261 2208 1296 non
2232 1248 2430 1297 audent
2451 1249 2684 1300 homines

1614 1318 1826 1385 pertusa
1845 1311 1981 1360 laena
1999 1326 2047 1374 v,
2064 1316 2155 1361 181
2194 1312 2389 1375 piscem
2404 1311 2682 1376 fugitivum

1616 1389 1684 1435 iv,
1727 1380 1791 1423 60
1857 1375 2048 1424 dixisse
2093 1390 2185 1424 vos
2225 1378 2445 1440 puellas,
2488 1379 2682 1441 Musae,

1614 1439 1783 1501 prosit
1806 1440 1928 1488 mihi
1949 1440 2018 1502 iv,
2042 1443 2106 1489 86
2171 1442 2323 1504 copie
2340 1456 2392 1499 x,
2416 1446 2449 1490 9
2515 1458 2681 1507 genus

1614 1503 1928 1617 {¹5¹¹f231'153‘
1940 1506 2536 1634 3:33223332133
2557 1508 2682 1621 :2⁵5

1615 1638 1723 1695 gat,
1745 1634 1878 1682 intra
1900 1649 2017 1698 quae
2051 1649 2184 1698 puer
2204 1642 2286 1684 est
2305 1635 2411 1693 xiv,
2433 1640 2497 1684 44
2533 1637 2682 1687 dictu

1615 1698 1962 1760 pulcherrima
1978 1699 2050 1759 xi,
2089 1704 2155 1749 68
2220 1699 2400 1748 diceus
2421 1701 2684 1765 chirogra-

1615 1763 1718 1825 pha
1762 1777 1898 1811 vana
1914 1763 2021 1827 xvi,
2060 1767 2123 1811 41
2214 1764 2434 1814 dicentis
2469 1780 2684 1816 causam

1617 1827 1766 1876 amici
1784 1842 1871 1890 xv,
1911 1831 2004 1876 184
2069 1828 2331 1878 dicentem
2363 1829 2496 1879 bene
2534 1831 2683 1880 Basi-

1616 1891 1720 1940 lum
1762 1892 1850 1954 vii,
1890 1896 1986 1941 147
2073 1892 2311 1942 dicturus
2354 1895 2549 1960 aliquid
2612 1896 2715 1946 de2

1615 1955 1784 2006 Cattis
1807 1957 1877 2017 iv,
1897 1961 1990 2006 148
2058 1958 2236 2006 rhetor
2267 1958 2333 2007 ad
2370 1952 2681 2024 Lugdunen-

1616 2035 1723 2069 sem
1746 2022 1939 2082 anmi,
1973 2025 2037 2070 44
2104 2036 2201 2085 pro
2238 2022 2396 2071 dubia
2437 2024 2683 2076 libertate

1615 2084 1704 2143 vii,
1749 2090 1842 2134 116
1926 2085 2119 2134 dicitnr
2161 2086 2407 2151 quicquid
2453 2088 2520 2137 de
2564 2090 2687 2140 Col-

1615 2150 1786 2212 chide,
1800 2150 2071 2200 credamus
2086 2151 2297 2214 tragicis
2317 2152 2384 2215 vi,
2398 2156 2494 2202 648
2529 2156 2682 2205 tarde

1616 2214 1815 2263 venisse
1840 2215 1907 2276 vi,
1929 2219 2027 2264 478
2062 2214 2206 2265 dicta
2227 2217 2350 2264 mihi
2376 2218 2527 2267 modo
2552 2234 2680 2282 gens

1615 2293 1702 2341 xv,
1722 2283 1788 2328 98
1853 2279 2007 2329 dictis
2023 2280 2257 2343 ignoscat
2285 2283 2321 2344 i,
2342 2286 2436 2330 164
2502 2282 2681 2335 factis·

1616 2358 1717 2408 que
1741 2352 1951 2393 sanctus
1975 2344 2082 2403 viii,
2104 2349 2166 2394 26

1680 2409 1973 2459 Dictatoris
2023 2410 2219 2461 honore
2258 2407 2468 2460 functus
2504 2411 2579 2473 xi,
2614 2417 2679 2464 87

1614 2488 1732 2522 cum
1788 2474 2063 2524 Dictatore
2115 2474 2387 2540 magistros
2432 2477 2681 2541 Equitum

1615 2539 1726 2601 viii,
1747 2543 1780 2587 8

1680 2604 1889 2653 Dictem
1940 2619 2060 2653 num
2114 2618 2277 2668 puero
2332 2619 2505 2655 coram
2562 2607 2678 2656 aliis

1614 2669 1806 2732 pultes,
1846 2668 1938 2718 sed
1980 2669 2032 2717 in
2075 2684 2200 2719 aure
2238 2670 2504 2733 placentas
2521 2672 2591 2732 xi,
2614 2677 2681 2721 69

1615 2732 1784 2782 dictet
1826 2734 2061 2782 Phalaris
2083 2734 2207 2783 licet
2231 2734 2462 2798 perjuria
2483 2736 2591 2795 viii,
2616 2741 2682 2786 82

1615 2797 1813 2847 dictare
1836 2799 1988 2847 Celso
2012 2799 2325 2862 principium
2358 2807 2517 2866 atque
2537 2800 2681 2850 locos

1614 2869 1812 2925 paratoe
1836 2863 1909 2922 vi,
1930 2868 2024 2912 246
2092 2863 2327 2913 dictante
2349 2880 2499 2914 ceras
2520 2867 2682 2929 pusil-

1614 2929 1689 2976 las
1711 2933 1876 2976 matre
1900 2928 2003 2985 xiv,
2046 2931 2111 2977 29
2192 2928 2478 2979 dictabitur
2516 2931 2682 2980 haerea

1614 2992 1682 3051 vi,
1706 2996 1803 3042 218
1869 2991 2070 3042 dictata
2107 2993 2337 3055 magistri
2372 2995 2542 3043 omnia
2563 3009 2682 3059 per-

1613 3062 1735 3121 agat
1752 3072 1802 3116 v,
1827 3060 1922 3105 122
1989 3057 2149 3105 verba
2207 3059 2389 3107 ertulit
2407 3060 2476 3120 vi,
2499 3064 2595 3110 891

1681 3121 1904 3172 Diducit
1921 3122 2155 3185 scopulos
2197 3123 2486 3187 Hannibal)
2508 3140 2562 3185 x,
2581 3129 2678 3175 168

1615 3187 1803 3235 rictum
1829 3202 1882 3247 x,
1904 3190 2001 3235 280
2067 3194 2266 3235 vestem
2290 3189 2405 3247 xiii,
2425 3194 2520 3238 182

1678 3252 1807 3299 Dies
1846 3251 2003 3313 longa
2039 3250 2161 3315 quid
2205 3254 2432 3302 contulit
2467 3254 2681 3303 Priamo

1614 3329 1665 3375 x,
1688 3319 1784 3364 206
1891 3322 2042 3364 uarta
2073 3321 2247 3365 torret
2283 3332 2477 3379 aegrum
2501 3319 2575 3380 ix,
2615 3322 2679 3368 17

1616 3378 1730 3441 ipse
1751 3332 1966 3443 puleium
2010 3379 2351 3443 distinguitur
2374 3382 2556 3432 ordine
2595 3397 2679 3432 re·

1616 3457 1726 3492 rum
1752 3444 1786 3506 i,
1808 3449 1901 3493 127
1970 3459 2085 3509 quie
2110 3451 2214 3493 tam
2239 3444 2394 3506 festa,
2417 3455 2477 3496 nt
2499 3455 2681 3497 cesset

1614 3509 1836 3570 prodere
1872 3508 2040 3558 furem
2062 3509 2174 3569 xiii,
2207 3514 2271 3559 28
2338 3512 2553 3572 genialis
2574 3512 2678 3562 iste

1615 3581 1801 3636 agatur
1822 3574 1893 3634 iv,
1929 3578 1992 3623 87
2060 3574 2197 3623 diem
2236 3576 2415 3624 laetum
2438 3576 2680 3625 hilarem·

1614 3653 1716 3702 que
1740 3638 1936 3687 sentire
1960 3654 2045 3700 xv,
2064 3643 2127 3688 41
2196 3639 2248 3688 in
2283 3640 2417 3688 diem
2445 3641 2680 3703 septenis

1614 3702 1751 3752 horis
1773 3703 1882 3752 odit
1906 3704 2045 3752 illam
2072 3703 2141 3765 vi,
2165 3707 2258 3753 188
2325 3704 2565 3768 promisit
2585 3706 2679 3768 vii,

1614 3771 1677 3816 84
1745 3783 1839 3831 per
1879 3775 2045 3817 totam
2086 3782 2289 3818 cessare
2312 3770 2387 3831 xi,
2429 3774 2522 3818 188
2590 3770 2679 3820 die

1614 3834 1775 3882 natali
1801 3834 1972 3882 laetior
1994 3834 2106 3881 haec
2129 3834 2219 3882 lux
2241 3834 2333 3893 xii,
2377 3838 2400 3881 1
2470 3848 2677 3899 quaque

1613 3904 1763 3946 sexta
1782 3898 1869 3960 vii,
1892 3902 1983 3947 101
2053 3898 2250 3947 dierum
2289 3897 2536 3947 festorum
2571 3913 2680 3947 ma-

1602 3962 1771 4026 jestas
1793 3963 1983 4011 colitur
2006 3963 2078 4023 iii,
2101 3967 2213 4026 172,
2236 3967 2330 4011 178
2398 3977 2679 4026 paucorum

1612 4027 1722 4076 vita
1744 4043 1796 4090 x,
1834 4031 1928 4075 848
1996 4027 2176 4076 diebus
2210 4028 2369 4077 sacris
2406 4028 2682 4077 observan-

1612 4091 1795 4156 disque
1830 4107 1931 4141 non
1971 4092 2199 4141 abstinet
2235 4106 2368 4141 uxor
2392 4092 2681 4143 concubitu

1611 4156 2157 4285 ἕέὲιῑῗῖἶηὲΐέἳὲῗξ.
2170 4156 2526 4271 333¹:³‚1¹:¹³32¹⁵’
2576 4163 2679 4209 ²⁰⁶

2356 4257 2371 4281 9

1674 4282 1869 4338 Differ-t
1904 4284 2200 4336 vadimonis
2235 4286 2442 4336 Pru-tor
2462 4284 2541 4347 iii,
2574 4289 2674 4336 218
