3050 4913
511 329 655 397 114·

1274 342 1342 390 A.
1390 337 1639 389 Pssnsu
1693 336 1957 387 BLAoct

514 497 697 563 Hinc
721 490 928 569 trahe,
961 507 1113 574 quae
1143 486 1358 566 dieas,
1383 486 1816 569 mensamque
1842 482 2134 565 relinque
2161 478 2469 566 Myemis

512 599 686 665 Cum
715 595 932 677 capite
956 595 1023 656 et
1050 590 1356 675 pedibuS,
1384 587 1783 671 plebeiaqne
1813 582 2099 669 prandia
2124 583 2324 648 noris.

595 697 757 765 Non
784 693 1088 779 equidem
1116 693 1245 757 hoo
1273 690 1533 768 studeo,
1563 689 1837 752 bullatis
1865 691 1939 751 ut
1964 686 2127 750 mihi
2155 685 2351 775 nugis

513 802 769 886 Pagina
797 799 1146 879 turgescat,
1176 794 1338 859 dare
1365 793 1634 877 pondus
1660 792 1906 858 idonea
1930 789 2134 854 fumo.

2637 785 2725 851 20

514 902 768 969 Secreti
793 899 1144 982 loquimur.
1229 897 1390 962 Tibi
1415 916 1617 975 nunc,
1641 896 1934 962 hortante
1957 890 2308 969 Camoena,

512 1094 700 1151 liberali
718 1099 841 1162 joco.
910 1095 993 1148 1-:2
1020 1096 1096 1146 his
1115 1096 1330 1160 deprome
1350 1110 1452 1158 qnoe

510 1171 558 1217 et
579 1165 800 1242 pedibu-⁸3
835 1170 883 1214 et
902 1178 1122 1227 cognosce
1143 1160 1495 1211 tantummodo

1470 1092 1675 1143 scribas.-
1708 1096 1754 1141 et
1777 1090 1969 1169 κρίκε
2001 1087 2221 1154 Mycenis
2248 1101 2429 1137 mensas
2444 1100 2551 1135 cum
2573 1084 2725 1149 cupite

1675 1157 1934 1209 mnemia.
2001 1151 2726 1213 Gerteminidincsmbo,nt

512 1246 654 1307 nagge
694 1229 879 1293 infiatis
912 1230 1191 1305 intumescat
1224 1226 1359 1288 liber,
1393 1228 1534 1289 uptus
1565 1224 1731 1299 fucere
1767 1224 2049 1271 minatum
2078 1219 2236 1295 fame.
2304 1216 2485 1266 &cusi
2512 1216 2723 1266 dicim,

518 1296 628 1346 Tun
645 1298 797 1358 modo,
831 1295 976 1344 Musa
993 1295 1275 1356 indagante,
1290 1290 1554 1355 prebes-m
1571 1288 1936 1339 exanimandum
1951 1299 2033 1336 eor
2046 1301 2067 1344 ‚·
2097 1289 2145 1335 et
2168 1282 2283 1334 labet
2303 1283 2543 1332 declarare
2563 1280 2671 1345 taba,
2691 1294 2725 1330 ο

1441 1428 1559 1448 0000

1562 1427 1798 1449 “0000“

513 1527 761 1579 usurpare
784 1513 893 1563 sive
916 1510 1192 1562 scribendo
1215 1510 1324 1561 sive
1356 1507 1638 1576 loquendo.
1675 1508 2071 1559 Canthum—1⁷
2110 1520 2381 1571 musque
2421 1505 2483 1555 C.
2507 1503 2728 1569 Mycenis

513 1586 688 1629 omnes
721 1578 1054 1638 membranae,
1089 1591 1190 1627 non
1232 1576 1479 1652 Mycenas,
1503 1572 1644 1640 qnod
1666 1581 1806 1623 esset
1839 1587 1935 1638 pro
1958 1573 2274 1649 ‚Mycenaeas
2310 1568 2606 1631 Μυκηναίως
2639 1571 2723 1619 vel

513 1644 880 1708 MycenenseS,
903 1648 962 1692 ut
1000 1642 1140 1705 apud
1162 1640 1408 1690 Tullium.
1439 1637 1832 1689 Canthum—19

2109 1637 2271 1686 studeo
2300 1637 2405 1685 Ms.
2438 1635 2561 1685 Gal.
2623 1634 2724 1700 pul-

514 1709 628 1757 latis
647 1708 794 1757 Edit.
826 1707 1007 1771 steph.
1073 1706 1137 1755 In
1159 1705 1394 1755 omnibns
1417 1702 1627 1767 seriptis
1663 1716 1815 1751 manu
1846 1702 2010 1764 libris,
2036 1700 2345 1816 anibusdam
2369 1700 2528 1750 etiam
2551 1700 2724 1762 editis,

514 1771 801 1824 invenimus
822 1776 1121 1822 constanter
1151 1770 1377 1834 pullatis.-
1412 1783 1564 1834 qnam
1588 1766 1867 1818 lectionem
1890 1772 1945 1816 et
1968 1780 2033 1815 an

2080 1778 2184 1831 qua
2207 1765 2402 1816 scholia
2422 1771 2723 1830 agnoscunt.

1505 1899 1719 1951 Nom

508 1999 589 2052 ait
626 1998 899 2061 Horatius,
938 1996 1158 2047 ridendo
1201 2010 1380 2046 verum
1427 1995 1579 2060 dicis,

511 2077 794 2142 flagitiosos
813 2075 1054 2139 castigas,
1066 2072 1185 2138 flagi
1193 2073 1265 2123 tia
1280 2071 1579 2137 proscribis.

576 2150 824 2218 Defigere]
893 2150 1169 2215 Proprium
1193 2148 1404 2200 criticis
1427 2161 1580 2199 voca-

511 2229 709 2290 bulum,
732 2229 821 2293 qui
856 2227 1031 2278 obelos
1054 2230 1111 2276 et
1140 2225 1386 2275 verucula
1408 2224 1581 2275 solent

511 2308 798 2372 appingere
822 2305 888 2355 ad
911 2320 975 2355 ea
1010 2319 1126 2371 qnae
1168 2308 1355 2354 notant
1394 2318 1454 2352 ac
1488 2303 1580 2352 im·

514 2383 759 2447 probant.

528 2470 533 2474 ’
578 2462 640 2509 17
690 2459 824 2508 Hinc
864 2459 1020 2523 trahe,
1061 2473 1163 2522 φατε
1204 2453 1359 2522 dicus]
1446 2454 1581 2520 Age,

512 2535 686 2599 Persi,
732 2550 892 2600 perge
936 2537 988 2584 in
1031 2536 1294 2599 Instituta,
1331 2548 1361 2583 e
1403 2532 1582 2598 populi

512 2613 653 2663 vitiis
691 2620 995 2676 argumenta
1026 2612 1312 2662 Satirarum
1352 2608 1582 2659 desume-

515 2688 669 2741 Quod
693 2689 795 2738 erit
835 2695 981 2739 certe
1022 2688 1221 2748 utilius,
1252 2700 1406 2752 quam
1442 2685 1485 2734 si
1509 2685 1583 2734 in-

516 2764 694 2827 gentia
716 2771 770 2814 et
789 2763 988 2813 tumida
1007 2761 1262 2813 scriberes
1281 2762 1365 2812 vel
1388 2761 1441 2810 in
1459 2763 1582 2811 Tra-

511 2841 714 2904 goediis,
738 2841 821 2890 vel
843 2842 896 2890 in
919 2841 1116 2904 Epicis.

578 2919 882 2981 Mensamque
903 2918 1114 2981 relinque
1137 2916 1378 2982 Mycenis]
1430 2915 1580 2966 Gree-

513 2993 590 3045 cis
636 2994 874 3057 Tragieis
922 2993 1137 3059 grandia
1188 3008 1282 3043 sua
1333 2992 1579 3058 permitte

512 3077 837 3135 argumenta,
860 3071 1025 3135 qualis
1061 3085 1208 3120 coena
1245 3070 1489 3134 Thyestae
1525 3077 1581 3120 et

512 3145 685 3209 Terei,
712 3145 778 3195 de
803 3145 986 3210 quibus
1010 3161 1181 3210 snpra.
1216 3147 1435 3211 Mycena
1458 3145 1581 3196 urbs

511 3222 879 3286 Peloponnesi,
900 3224 952 3272 in
984 3240 1088 3288 qua
1113 3230 1259 3287 gesta
1280 3223 1473 3273 dicitnr
1504 3221 1582 3270 fa·

512 3297 637 3349 bula
658 3298 807 3349 Atrei
832 3306 889 3348 et
905 3300 1168 3365 Thyestae.

578 3381 640 3427 18
678 3380 799 3426 Cum
838 3380 991 3441 capite
1023 3382 1071 3427 et
1105 3377 1323 3441 pedibus]
1391 3377 1578 3426 Reser-

510 3459 664 3503 νει-αἰ
685 3452 877 3503 Atreus
901 3461 1080 3516 caput,
1103 3454 1283 3516 pedes,
1308 3460 1364 3502 et
1396 3465 1578 3503 manus

510 3543 809 3593 puerorum,
832 3545 947 3594 quae
980 3536 1101 3593 post
1123 3544 1318 3578 emnam
1337 3529 1578 3592 Thyestae

510 3604 662 3655 fratri
686 3607 940 3669 exhibuit,
961 3615 1019 3656 nt
1043 3607 1203 3656 sciret
1226 3622 1353 3672 quas
1378 3612 1432 3655 et
1455 3621 1580 3671 quo-

508 3693 624 3729 rum
646 3681 947 3732 devorasset
975 3697 1175 3733 carnes.
1246 3684 1427 3738 Senec.
1448 3683 1580 3748 Thy-

510 3761 612 3805 ωε.
669 3757 685 3784 ‘
709 3757 956 3807 Denudat
1012 3765 1154 3808 artus
1211 3760 1372 3822 dirus,
1419 3768 1578 3824 atque

511 3845 628 3881 ossa
651 3841 911 3896 amputat3
944 3835 1175 3884 Tantum
1199 3849 1289 3884 ora
1312 3841 1504 3900 servat,
1524 3843 1582 3885 et

510 3908 662 3958 datas
685 3908 806 3958 fidei
829 3912 1041 3960 manns!

577 3985 860 4049 Plebeiaque
907 3990 1111 4051 prandia
1154 3989 1305 4052 noris]
1393 3988 1580 4038 Potius

513 4077 668 4130 qum
692 4065 907 4128 regalia,
930 4066 982 4113 in
1009 4067 1195 4130 quibus
1233 4073 1336 4115 tam
1369 4067 1582 4116 horren-

510 4140 596 4194 dae
627 4148 960 4206 apponuntur
984 4142 1163 4206 dapes,
1195 4145 1360 4193 Tereo
1383 4144 1586 4194 scilicet

511 4221 570 4268 et
590 4215 857 4283 Thyestae.
906 4217 1060 4285 Haee,
1079 4218 1307 4285 inquam,
1331 4220 1586 4287 relinque,

1661 2002 1719 2046 et
1759 1996 1991 2061 plebeius
2038 2009 2121 2045 res
2168 1994 2402 2061 inspice:
2456 1998 2727 2058 corruptos

1663 2073 1842 2138 populi
1862 2086 2034 2124 mores
2065 2071 2280 2123 satirico
2304 2072 2410 2122 sale
2433 2070 2648 2135 deterge
2672 2075 2728 2120 et

1660 2164 1915 2216 expurga.

1731 2232 1794 2276 19
1829 2228 1941 2276 Non
1982 2226 2191 2289 equidem
2228 2225 2314 2276 1⁸00
2346 2224 2536 2287 studeo]
2602 2224 2729 2274 Cor·

1662 2310 1789 2354 nuto
1832 2302 2045 2354 Persius
2087 2300 2401 2366 respondet:
2437 2306 2583 2351 certe
2623 2314 2729 2350 non

1660 2390 1789 2448 opto
1845 2388 2097 2432 centenas
2141 2392 2296 2430 voces
2346 2380 2411 2429 ad
2466 2393 2730 2445 pompam,

1662 2460 1801 2527 quod
1827 2460 2011 2510 Poetae
2043 2459 2243 2519 solent3
2279 2456 2371 2507 sed
2411 2456 2563 2520 cupio
2598 2456 2728 2506 dnn·

1662 2544 1811 2587 taxat
1833 2537 1970 2601 grati
1995 2536 2095 2586 mei
2119 2549 2245 2599 erga
2277 2540 2331 2583 te
2364 2533 2520 2582 animi
2552 2547 2729 2583 monu-

1660 2620 1840 2664 menta
1860 2614 2175 2678 relinquere.

1727 2690 1939 2739 Bullatis
1958 2689 2122 2753 nug-is]
2158 2687 2349 2739 Verbis
2370 2701 2431 2737 ae
2454 2686 2728 2738 sententiis

1660 2766 1827 2815 instar
1850 2766 2008 2814 bullae
2048 2765 2259 2815 tumidis
2297 2771 2354 2815 et
2392 2762 2729 2830 fulgentibus,

1660 2845 1750 2894 sed
1795 2845 1935 2894 intus
1982 2843 2161 2893 vanis:
2208 2859 2336 2909 quas
2381 2844 2633 2895 Horatius
2678 2846 2729 2895 in

1660 2919 1814 2983 Arte,
1833 2921 2061 2986 ampullas
2081 2927 2251 2972 vocat.
2285 2922 2512 2975 Quidam
2528 2924 2730 2989 legunt,

1655 2997 1877 3061 pullatis,
1901 3004 1957 3047 et
1989 2997 2256 3062 explicant
2287 2997 2353 3047 de
2386 2999 2644 3064 Tragicis,
2665 3012 2729 3049 ex

1663 3088 1726 3124 eo
1749 3073 1888 3138 qnod
1924 3074 1977 3122 in
2007 3074 2293 3137 Tragoediis
2317 3073 2495 3124 induci
2528 3076 2732 3125 soleant

1664 3155 1800 3212 atra,
1841 3151 2007 3214 pulla,
2047 3157 2102 3200 et
2136 3150 2345 3216 lugubri
2377 3157 2526 3201 veste
2564 3149 2731 3200 induti

1666 3225 1856 3290 Reges.
1937 3226 2039 3276 Sed
2085 3242 2267 3290 parum
2311 3227 2488 3291 placet
2529 3228 2730 3278 acutior

1659 3300 1751 3351 illa
1776 3302 2144 3366 interpretatio
2168 3309 2225 3352 et
2245 3303 2420 3352 lectio.

1723 3381 1788 3426 20
1841 3378 2036 3440 Pagina
2086 3384 2344 3443 turgescat,
2391 3381 2507 3431 dere
2552 3381 2732 3446 pondu

1658 3452 1995 3517 iamasmo]
2063 3455 2178 3506 Nec
2203 3471 2300 3521 ego
2335 3456 2476 3507 nitor
2509 3456 2732 3508 anctori-

1663 3535 1823 3578 tatem
1863 3530 2141 3578 conciliare
2179 3538 2235 3580 et
2275 3532 2589 3595 gravitatem
2628 3534 2732 3584 ina-

1661 3605 1831 3669 nibus,
1872 3605 2102 3669 fumosis‚
2143 3608 2307 3672 vanis,
2347 3615 2403 3659 et
2447 3597 2729 3660 levioribus

1661 3683 1949 3746 versieulis,
1973 3699 2034 3733 ac
2062 3697 2236 3735 rernm
2269 3686 2540 3749 inopibus;
2575 3692 2636 3736 ut
2659 3688 2730 3736 lo-

1663 3759 1840 3824 quitur
1887 3757 2137 3810 Horatius
2193 3762 2246 3809 in
2297 3761 2426 3811 Arte
2481 3763 2726 3813 Poetiea:

1663 3836 1810 3901 quasi
1834 3835 1992 3884 verba
2013 3838 2124 3885 sine
2151 3852 2206 3886 re
2230 3838 2423 3902 aliquid
2450 3839 2676 3889 valeant.

1726 3916 1787 3962 21
1827 3912 2010 3963 Secreti
2032 3915 2287 3979 loquimur]
2344 3917 2560 3967 Sincere
2583 3925 2641 3968 et
2662 3905 2746 3968 ‹ei-⁹

1663 3993 1747 4036 tra
1767 3985 1969 4048 fastum,
1991 3990 2085 4038 tibi
2106 4006 2223 4056 ego,
2242 3994 2380 4042 solus
2399 3993 2497 4042 soli
2516 3994 2725 4059 loquor:

1666 4077 1762 4114 nee
1802 4066 1947 4130 quasi
1988 4067 2158 4129 palam
2201 4082 2409 4118 carmen
2443 4078 2499 4119 et
2537 4070 2729 4134 scriptu

1666 4147 1933 4194 ostentare
1958 4143 2130 4207 velim,
2154 4145 2389 4197 versibus
2409 4144 2512 4197 tibi
2533 4145 2728 4211 consig-

1663 4233 1735 4270 no
1756 4220 1913 4272 animi
1932 4222 2038 4274 mei
2056 4237 2221 4274 seusa.
