3050 4913
779 404 1132 467 nonnum,
1181 404 1273 452 13¹1·
1318 403 1721 453 scuranum
1748 404 2096 455 ‘causam
2476 388 2541 458 *9

342 553 627 639 pedibus
646 552 809 617 liber
838 551 929 616 ita
955 550 1282 634 loquatur,
1300 556 1372 613 ut
1394 567 1532 612 rem
1559 548 1671 612 vel
1697 547 1973 612 rudibus
2000 548 2250 631 aperiat
2271 570 2289 629 3
2316 569 2564 615 verumt

342 655 493 738 ipsa
518 655 664 738 ejus
692 651 1039 729 contentio,
1068 669 1218 714 cum
1248 648 1424 713 felici
1465 666 1783 713 successu
1829 648 2243 729 destituatur,
2287 653 2547 734 ingrata

343 765 445 820 est
467 756 721 833 lectori,
752 752 1081 836 efficitque
1108 752 1429 817 interdum
1475 751 1828 834 voluptati,
1878 770 2080 833 quam
2130 770 2219 815 ex
2268 754 2547 837 quibus-

345 859 497 924 dam
536 858 707 923 locis
754 858 921 921 satis
953 856 1239 920 ¹feliciter
1268 856 1566 919 tractatis
1596 855 1896 937 alioquin
1926 873 2165 937 capere
2193 856 2546 937 potuisset.

341 959 564 1042 Atque
593 963 734 1023 tota
765 960 913 1024 haec
942 978 1066 1035 ree,
1101 979 1248 1023 cnm
1281 978 1397 1041 per
1427 977 1502 1021 se
1531 956 1914 1022 difficillima
1966 949 2077 1036 sit,
2127 958 2187 1021 si
2234 959 2554 1040 cuiquam*

343 1079 658 1143 unquam,
708 1062 769 1124 ei
819 1065 1071 1124 tantum
1115 1078 1432 1142 prospere
1480 1058 1710 1122 cedere
1758 1062 2002 1142 potest,
2057 1060 2172 1142 qui
2225 1057 2319 1138 id,
2367 1058 2559 1142 quod*

342 1166 629 1227 tractare
658 1161 818 1238 vult,
850 1162 1134 1244 penitius
1181 1161 1330 1242 ipse
1380 1160 1770 1242 inspexerit,
1801 1164 1875 1223 ut
1916 1179 2001 1224 ea
2046 1167 2344 1245 seponat,
2390 1180 2543 1244 quae

341 1264 610 1328 omnino
654 1263 986 1344 vulgarem
1032 1261 1352 1325 rationem
1417 1280 1553 1324 non
1600 1261 1888 1343 capiant,
1935 1261 2191 1345 reliqua
2243 1262 2327 1326 ad
2387 1281 2551 1345 cap-

341 1371 484 1429 tum
510 1364 939 1430 multitudinis
968 1363 1443 1441 accommodet,
1489 1365 1833 1445 magisque
1879 1366 2184 1429 sensibus
2226 1365 2544 1429 lectorum

344 1486 547 1550 quam
577 1467 932 1531 intellectui
961 1466 1281 1529 consulat.

430 1568 781 1645 Secuudae,
811 1571 1080 1653 quintae,
1111 1572 1175 1630 et
1201 1571 1414 1631 sextae
1443 1566 1687 1630 ‚satirae
1740 1566 2175 1649 epistolarum
2202 1567 2417 1632 forma
2449 1569 2562 1631 in-=

343 1670 506 1734 duta
533 1678 675 1750 est3
741 1676 892 1734 sunt
937 1676 1150 1733 tamen
1179 1669 1460 1752 proprie
1486 1666 2066 1749 disputatiuncula:
2102 1666 2414 1751 poeticae,
2462 1667 2549 1732 ad

343 1771 744 1848 Macrinum,
776 1771 1155 1848 Cornutum,
1186 1776 1253 1834 et
1282 1762 1571 1834 Bassum
1599 1769 1856 1844 missae,
1887 1788 1971 1832 ex
2004 1770 2399 1850 cogitatione
2425 1771 2547 1835 ali-

345 1894 483 1957 qua
509 1875 816 1955 graviori,
855 1872 1123 1936 fortuito
1171 1872 1364 1954 quasi
1414 1870 1727 1934 scribenti
1775 1870 2031 1947 oborta,
2070 1890 2272 1954 quam
2323 1872 2557 1935 statim⁴

342 1983 673 2058 arreptam
722 1975 982 2056 longius
1030 1978 1553 2057 prosequeretur,
1600 1977 1800 2036 natae.
1916 1972 2233 2056 Iniquum
2288 1972 2548 2036 videtur

340 2081 648 2153 statuere,
681 2075 982 2140 Persium
1032 2076 1103 2138 in
1147 2075 1251 2138 his
1303 2074 1742 2138 Horatianam
1782 2074 2126 2156 epistolam
2160 2075 2398 2139 imitari
2427 2094 2550 2138 vo-

341 2176 572 2255 luisse,
603 2198 847 2256 verum,
878 2176 1058 2261 quod
1102 2177 1232 2239 sibi
1280 2175 1717 2259 proposuerit,
1745 2193 1881 2239 non
1909 2175 2118 2258 fuisse
2149 2183 2557 2264 assecutum.-

344 2279 756 2344 Horatianas
785 2281 1026 2343 satiras
1056 2279 1142 2342 ab
1173 2277 1475 2361 epistolis
1505 2279 1652 2363 ejus
1698 2284 1766 2342 et
1817 2278 2043 2356 rebuS,
2088 2298 2239 2362 quae
2272 2286 2553 2361 utroque

343 2399 576 2462 genere
626 2383 1061 2459 continentur,
1111 2386 1177 2445 et
1227 2380 1670 2464 expositionis
1726 2381 1977 2444 ratione
2028 2379 2327 2443 diversas
2380 2398 2551 2456 esse,

332 2483 480 2567 jam
529 2484 830 2549 viderunt
874 2491 1208 2562 veteres,¹³
1257 2502 1595 2566 nuperque
1628 2478 2062 2566 Morgenstern
2111 2480 2373 2544 doctam
2419 2480 2552 2544 dis-

342 2586 753 2667 putationem
803 2585 887 2649 de
928 2585 1303 2650 discrimine
1335 2603 1563 2647 earum
1590 2581 1954 2647 instituim
2040 2580 2196 2646 Non
2224 2580 2553 2662 exigenda

347 2685 497 2751 haec
552 2686 769 2751 Persii
816 2688 985 2752 ratio
1032 2694 1136 2753 est
1179 2687 1265 2752 ad
1310 2706 1459 2752 eam
1507 2684 1808 2762 sormam,
1839 2702 2037 2767 quam
2065 2683 2255 2748 lectis
2286 2682 2554 2747 Horatii

348 2794 465 2851 aut
502 2788 548 2852 J
551 2790 849 2853 uvenalis
877 2789 1182 2873 epistolis
1226 2788 1455 2852 forsan
1499 2786 1755 2850 animus
1782 2785 2172 2867 complexus
2214 2784 2338 2865 sit;
2399 2802 2552 2848 cum

344 2889 635 2955 rationes
662 2897 726 2955 et
755 2892 911 2970 viae,
950 2893 1193 2976 quibus
1224 2889 1446 2975 poetae
1475 2908 1582 2954 res
1611 2886 1993 2953 tractandas
2020 2886 2243 2951 efferre
2272 2886 2551 2969 possint,

1344 3072 1557 3123 No'rAE

413 3195 474 3242 13
506 3191 706 3248 Statius
726 3194 852 3246 silv.
876 3208 912 3245 1.
932 3200 978 3246 3.
1004 3200 1113 3245 los.
1138 3210 1246 3261 seq.

414 3272 474 3318 1⁴
508 3269 595 3319 De
618 3270 790 3319 satira*
816 3278 972 3336 atque
987 3272 1222 3336 epistolae
1246 3271 1409 3322 Hora-

345 3344 502 3394 tianae
543 3345 852 3398 discrimine.
933 3348 1076 3411 Lips.
1119 3352 1262 3398 1801.
1346 3349 1408 3398 In

341 3421 441 3470 hac
481 3420 830 3484 disputatione
863 3422 1007 3488 (pag.
1044 3428 1125 3474 52.
1165 3424 1217 3473 in
1254 3422 1410 3487 notis)

342 3496 681 3559 reprehendit
733 3498 1107 3562 Casaubonum,
1161 3498 1247 3563 qui
1297 3498 1411 3548 illas

345 3577 454 3620 tres
472 3572 659 3620 satiras
677 3573 923 3637 epistolas
945 3575 1203 3624 vocaverit
1224 3575 1278 3622 :‹‘
1294 3589 1408 3623 uam

344 3653 453 3695 tres
477 3647 644 3696 Persii
667 3649 877 3711 uatirae,’
911 3650 1096 3713 inquit,
1123 3654 1138 3678 ⁴
1164 3657 1286 3700 sunt
1307 3651 1408 3700 inae

345 3720 554 3785 quidem
616 3723 916 3786 quibusdam
972 3725 1251 3789 inscriptae,
1316 3725 1409 3775 sed

344 3796 549 3846 nonnisi
573 3797 912 3849 dedicationis
931 3815 1105 3861 causa,
1127 3816 1243 3867 quae
1279 3807 1411 3852 trae-

346 3873 490 3923 taudi
529 3875 736 3923 modum
779 3876 903 3926 nihil
950 3876 1161 3927 afficiat.
1244 3879 1410 3929 Quos·

343 3947 464 3997 dam
488 3949 695 4013 quidem
721 3965 897 4000 versus
934 3952 1172 4001 secundm
1213 3951 1266 4000 et
1300 3968 1410 4001 sex·

345 4032 412 4074 ιε
443 4027 618 4074 satiroe
656 4026 925 4090 praemisit,
964 4029 1015 4076 in
1054 4029 1143 4078 iila
1174 4036 1411 4093 quatuor,

344 4100 400 4150 in
448 4100 545 4150 bac
583 4116 694 4162 sex,
727 4103 913 4166 quibus
956 4103 1182 4156 Plotium
1222 4104 1410 4154 Macri·

342 4189 468 4226 num
490 4184 546 4226 et
570 4178 792 4227 Caesium
821 4179 1034 4228 Bassum
1062 4180 1251 4229 amicos
1285 4180 1408 4228 allo·

344 4258 611 4319 queretur.
677 4253 779 4304 Sed
819 4269 995 4306 versus
1033 4256 1117 4307 isti
1155 4264 1244 4307 aut
1281 4255 1407 4307 nihil

1491 3192 1685 3243 faciunt
1707 3196 1794 3241 aut
1819 3204 1999 3255 parum
2021 3189 2086 3240 nd
2110 3189 2396 3254 argumenti
2425 3194 2555 3239 trac-

1491 3267 1759 3328 tationem,
1808 3281 1910 3331 quo
1941 3267 1994 3315 in
2034 3267 2201 3315 altera
2238 3265 2556 3329 superstitio-

1488 3359 1589 3406 sos,
1629 3344 1678 3391 in
1721 3344 1884 3392 altera
1922 3342 2125 3391 sordide
2162 3342 2395 3391 viventes
2427 3340 2552 3390 locis

1489 3419 1843 3470 communibus
1877 3418 2117 3482 castigat.
2186 3417 2333 3467 Atia
2357 3416 2551 3480 quintae

1489 3494 1710 3544 maxima
1752 3499 1899 3558 parte
1951 3493 2161 3543 Cornuti
2219 3492 2555 3556 praeceptoris

1489 3569 1775 3621 encomium
1816 3568 1928 3633 pius
1967 3569 2247 3631 discipulus
2295 3560 2555 3630 prosequi-

1491 3656 1594 3696 tur.
1662 3646 1813 3699 Quod
1835 3645 1922 3710 qui
1946 3644 2169 3695 affirmat
2199 3640 2553 3707 casaubonus,

1488 3737 1606 3771 enm
1629 3736 1753 3771 cave
1773 3735 1837 3769 ne
1861 3720 2055 3769 audias.
2094 3738 2099 3743 ·
2123 3719 2256 3768 Nam
2282 3719 2369 3767 ina
2391 3720 2556 3770 satira

1493 3797 1657 3846 tribus
1679 3802 1735 3845 et
1757 3796 1975 3860 triginta
1999 3794 2230 3844 versibus
2252 3794 2558 3860 (21·51.762·

1491 3873 1598 3933 64.)
1634 3872 1791 3922 babet
1825 3870 2039 3921 Cornuti
2080 3870 2276 3921 landes.
2344 3873 2554 3936 Cetera,

1494 3964 1609 4014 quae
1632 3951 1817 3998 desunt
1855 3948 1919 3997 ad
1957 3948 2292 3997 ducentorum
2319 3944 2554 4000 versuum

1492 4040 1739 4076 summam
1762 4024 2152 4089 conficiendam,
2172 4022 2235 4074 ad
2260 4026 2385 4075 alios
2407 4022 2558 4091 quos·

1492 4104 1589 4166 vis,
1614 4118 1764 4167 qnam
1783 4102 1846 4151 ad
1872 4104 2177 4162 Cornutum,
2217 4103 2557 4166 pertinerent,

1489 4180 1587 4230 nisi
1609 4177 1744 4229 forte
1769 4180 1944 4229 dicere
1976 4179 2124 4240 velis,
2155 4178 2171 4204 ‘
2197 4193 2406 4244 puerum
2446 4178 2554 4228 dic·

1488 4263 1602 4308 tata
1623 4257 1851 4323 magistri
1873 4255 2133 4309 reddere.¹
