<?xml version="1.0" encoding="UTF-8"?>
<!DOCTYPE html PUBLIC "-//W3C//DTD XHTML 1.0 Transitional//EN"
    "http://www.w3.org/TR/xhtml1/DTD/xhtml1-transitional.dtd">
<html xmlns="http://www.w3.org/1999/xhtml" xml:lang="en" lang="en">
 <head>
  <title>
</title>
<meta http-equiv="Content-Type" content="text/html;charset=utf-8" />
  <meta name='ocr-system' content='tesseract 3.04.00' />
  <meta name='ocr-capabilities' content='ocr_page ocr_carea ocr_par ocr_line ocrx_word'/>
</head>
<body>
  <div class='ocr_page' id='page_1' title='image "./operaomniavolum00juvegoog_0341.png"; bbox 0 0 3050 4913; ppageno 0'>
   <div class='ocr_carea' id='block_1_1' title="bbox 1255 351 1644 402">
    <p class='ocr_par' dir='ltr' id='par_1_1' title="bbox 1255 351 1644 402">
     <span class='ocr_line' id='line_1_1' title="bbox 1255 351 1644 402; baseline 0.003 -1"><span class='ocrx_word' id='word_1_1' title='bbox 1255 351 1424 401; x_wconf 74' lang='lat' dir='ltr'>8A&#39;1&#39;1</span> <span class='ocrx_word' id='word_1_2' title='bbox 1435 353 1534 401; x_wconf 69' lang='grc' dir='ltr'><strong>ΒΑ</strong></span> <span class='ocrx_word' id='word_1_3' title='bbox 1595 354 1644 402; x_wconf 82' lang='lat'><strong>1.</strong></span> 
     </span>
    </p>
   </div>
   <div class='ocr_carea' id='block_1_2' title="bbox 343 497 2073 788">
    <p class='ocr_par' dir='ltr' id='par_1_2' title="bbox 343 497 2073 788">
     <span class='ocr_line' id='line_1_2' title="bbox 343 497 1924 583; baseline 0.001 -19"><span class='ocrx_word' id='word_1_4' title='bbox 343 498 495 564; x_wconf 83' lang='lat' dir='ltr'><strong>Scit</strong></span> <span class='ocrx_word' id='word_1_5' title='bbox 521 498 746 562; x_wconf 83' lang='lat' dir='ltr'><strong>risisse</strong></span> <span class='ocrx_word' id='word_1_6' title='bbox 774 497 977 577; x_wconf 77' lang='lat' dir='ltr'><strong>vafer,</strong></span> <span class='ocrx_word' id='word_1_7' title='bbox 1007 498 1280 563; x_wconf 90' lang='lat' dir='ltr'><strong>multum</strong></span> <span class='ocrx_word' id='word_1_8' title='bbox 1314 499 1596 581; x_wconf 81' lang='lat' dir='ltr'><strong>gaudere</strong></span> <span class='ocrx_word' id='word_1_9' title='bbox 1621 507 1924 583; x_wconf 74' lang='lat' dir='ltr'><strong>paratae,</strong></span> 
     </span>
     <span class='ocr_line' id='line_1_3' title="bbox 343 600 1896 685; baseline 0.001 -19"><span class='ocrx_word' id='word_1_10' title='bbox 343 601 423 666; x_wconf 90' lang='lat' dir='ltr'><strong>Si</strong></span> <span class='ocrx_word' id='word_1_11' title='bbox 454 600 711 685; x_wconf 86' lang='lat' dir='ltr'><strong>Cynico</strong></span> <span class='ocrx_word' id='word_1_12' title='bbox 740 601 1015 666; x_wconf 86' lang='lat' dir='ltr'>barbam</span> <span class='ocrx_word' id='word_1_13' title='bbox 1044 602 1348 685; x_wconf 86' lang='lat' dir='ltr'><strong>petulans</strong></span> <span class='ocrx_word' id='word_1_14' title='bbox 1378 603 1651 666; x_wconf 82' lang='lat' dir='ltr'><strong>nonaria</strong></span> <span class='ocrx_word' id='word_1_15' title='bbox 1677 603 1896 667; x_wconf 81' lang='lat' dir='ltr'><strong>vellat.</strong></span> 
     </span>
     <span class='ocr_line' id='line_1_4' title="bbox 344 702 2073 788; baseline 0.001 -22"><span class='ocrx_word' id='word_1_16' title='bbox 344 702 483 767; x_wconf 86' lang='lat' dir='ltr'><strong>His</strong></span> <span class='ocrx_word' id='word_1_17' title='bbox 512 723 700 767; x_wconf 83' lang='lat' dir='ltr'><strong>mane</strong></span> <span class='ocrx_word' id='word_1_18' title='bbox 730 702 1041 781; x_wconf 85' lang='lat' dir='ltr'><strong>edictum,</strong></span> <span class='ocrx_word' id='word_1_19' title='bbox 1072 708 1226 788; x_wconf 90' lang='lat' dir='ltr'><strong>post</strong></span> <span class='ocrx_word' id='word_1_20' title='bbox 1256 705 1536 787; x_wconf 84' lang='lat' dir='ltr'><strong>prandia</strong></span> <span class='ocrx_word' id='word_1_21' title='bbox 1564 703 1932 769; x_wconf 70' lang='lat' dir='ltr'><strong>Callirhoen</strong></span> <span class='ocrx_word' id='word_1_22' title='bbox 1962 704 2073 768; x_wconf 76' lang='lat' dir='ltr'><strong>do·</strong></span> 
     </span>
    </p>
   </div>
   <div class='ocr_carea' id='block_1_3' title="bbox 340 917 2549 1113">
    <p class='ocr_par' dir='ltr' id='par_1_3' title="bbox 340 917 2549 1113">
     <span class='ocr_line' id='line_1_5' title="bbox 340 917 2549 982; baseline 0.001 -16"><span class='ocrx_word' id='word_1_23' title='bbox 340 932 439 982; x_wconf 84' lang='lat' dir='ltr'><strong>per</strong></span> <span class='ocrx_word' id='word_1_24' title='bbox 458 917 629 968; x_wconf 71' lang='lat' dir='ltr'><strong>tabella</strong></span> <span class='ocrx_word' id='word_1_25' title='bbox 649 926 900 981; x_wconf 81' lang='lat' dir='ltr'><strong>exaratas,</strong></span> <span class='ocrx_word' id='word_1_26' title='bbox 919 925 966 968; x_wconf 77' lang='lat' dir='ltr'><strong>et</strong></span> <span class='ocrx_word' id='word_1_27' title='bbox 989 920 1134 968; x_wconf 75' lang='lat' dir='ltr'><strong>lineus</strong></span> <span class='ocrx_word' id='word_1_28' title='bbox 1157 918 1553 970; x_wconf 80' lang='lat' dir='ltr'><strong>Geometrarum</strong></span> <span class='ocrx_word' id='word_1_29' title='bbox 1578 918 1868 982; x_wconf 80' lang='lat' dir='ltr'><strong>descriptas</strong></span> <span class='ocrx_word' id='word_1_30' title='bbox 1903 920 1956 968; x_wconf 76' lang='lat' dir='ltr'><strong>in</strong></span> <span class='ocrx_word' id='word_1_31' title='bbox 1987 934 2130 969; x_wconf 71' lang='lat' dir='ltr'><strong>arena</strong></span> <span class='ocrx_word' id='word_1_32' title='bbox 2149 921 2357 969; x_wconf 70' lang='lat' dir='ltr'><strong>sulcata.-</strong></span> <span class='ocrx_word' id='word_1_33' title='bbox 2407 926 2549 968; x_wconf 88' lang='lat' dir='ltr'><strong>cete·</strong></span> 
     </span>
     <span class='ocr_line' id='line_1_6' title="bbox 340 956 2548 1047; baseline 0.001 -16"><span class='ocrx_word' id='word_1_34' title='bbox 340 997 455 1031; x_wconf 82' lang='lat' dir='ltr'><strong>rum</strong></span> <span class='ocrx_word' id='word_1_35' title='bbox 474 984 697 1045; x_wconf 70' lang='lat' dir='ltr'><strong>proclivis</strong></span> <span class='ocrx_word' id='word_1_36' title='bbox 731 993 810 1032; x_wconf 85' lang='lat' dir='ltr'><strong>est</strong></span> <span class='ocrx_word' id='word_1_37' title='bbox 831 956 900 1033; x_wconf 60' lang='lat' dir='ltr'><strong>ad,</strong></span> <span class='ocrx_word' id='word_1_38' title='bbox 915 986 1168 1033; x_wconf 71' lang='lat' dir='ltr'><strong>latendum</strong></span> <span class='ocrx_word' id='word_1_39' title='bbox 1198 985 1348 1045; x_wconf 67' lang='lat' dir='ltr'><strong>talete,</strong></span> <span class='ocrx_word' id='word_1_40' title='bbox 1383 986 1428 1034; x_wconf 78' lang='lat' dir='ltr'><strong>si</strong></span> <span class='ocrx_word' id='word_1_41' title='bbox 1463 985 1670 1047; x_wconf 91' lang='lat' dir='ltr'><strong>quaudo</strong></span> <span class='ocrx_word' id='word_1_42' title='bbox 1703 983 1934 1033; x_wconf 60' lang='grc' dir='ltr'><strong>’κενεὴ-ἐκ</strong></span> <span class='ocrx_word' id='word_1_43' title='bbox 1964 984 2138 1032; x_wconf 73' lang='lat' dir='ltr'><strong>lasciva</strong></span> <span class='ocrx_word' id='word_1_44' title='bbox 2155 983 2349 1033; x_wconf 76' lang='lat' dir='ltr'><strong>barbam</strong></span> <span class='ocrx_word' id='word_1_45' title='bbox 2367 985 2548 1033; x_wconf 73' lang='lat' dir='ltr'><strong>vellicet</strong></span> 
     </span>
     <span class='ocr_line' id='line_1_7' title="bbox 343 1047 2512 1113; baseline 0 -16"><span class='ocrx_word' id='word_1_46' title='bbox 343 1047 539 1110; x_wconf 68' lang='lat' dir='ltr'><strong>Cynico.</strong></span> <span class='ocrx_word' id='word_1_47' title='bbox 582 1048 700 1097; x_wconf 77' lang='lat' dir='ltr'><strong>Istis</strong></span> <span class='ocrx_word' id='word_1_48' title='bbox 719 1049 947 1097; x_wconf 71' lang='lat' dir='ltr'><strong>matutino</strong></span> <span class='ocrx_word' id='word_1_49' title='bbox 963 1053 1172 1113; x_wconf 73' lang='lat' dir='ltr'><strong>tempore</strong></span> <span class='ocrx_word' id='word_1_50' title='bbox 1193 1050 1448 1112; x_wconf 70' lang='lat' dir='ltr'><strong>decretam,</strong></span> <span class='ocrx_word' id='word_1_51' title='bbox 1462 1053 1571 1113; x_wconf 73' lang='lat' dir='ltr'><strong>pose</strong></span> <span class='ocrx_word' id='word_1_52' title='bbox 1588 1048 1842 1112; x_wconf 75' lang='lat' dir='ltr'><strong>prandiam</strong></span> <span class='ocrx_word' id='word_1_53' title='bbox 1866 1062 1989 1098; x_wconf 79' lang='lat' dir='ltr'><strong>vero</strong></span> <span class='ocrx_word' id='word_1_54' title='bbox 2013 1049 2281 1098; x_wconf 59' lang='lat' dir='ltr'><strong>Callirhoen</strong></span> <span class='ocrx_word' id='word_1_55' title='bbox 2299 1050 2512 1099; x_wconf 74' lang='lat' dir='ltr'><strong>concedo.</strong></span> 
     </span>
    </p>
   </div>
   <div class='ocr_carea' id='block_1_4' title="bbox 1335 1177 1554 1229">
    <p class='ocr_par' dir='ltr' id='par_1_4' title="bbox 1335 1177 1554 1229">
     <span class='ocr_line' id='line_1_8' title="bbox 1335 1177 1554 1229; baseline -0.005 -1"><span class='ocrx_word' id='word_1_56' title='bbox 1335 1177 1554 1229; x_wconf 82' lang='lat' dir='ltr'>NOTAE</span> 
     </span>
    </p>
   </div>
   <div class='ocr_carea' id='block_1_5' title="bbox 338 1275 1403 1416">
    <p class='ocr_par' dir='ltr' id='par_1_5' title="bbox 338 1275 1403 1416">
     <span class='ocr_line' id='line_1_9' title="bbox 408 1275 1402 1340; baseline 0 -15"><span class='ocrx_word' id='word_1_57' title='bbox 408 1281 505 1326; x_wconf 72' lang='lat'><strong>1³2</strong></span> <span class='ocrx_word' id='word_1_58' title='bbox 530 1277 734 1325; x_wconf 68' lang='lat' dir='ltr'><strong>Multum</strong></span> <span class='ocrx_word' id='word_1_59' title='bbox 750 1279 961 1340; x_wconf 67' lang='lat' dir='ltr'><strong>gaudere</strong></span> <span class='ocrx_word' id='word_1_60' title='bbox 977 1275 1202 1340; x_wconf 73' lang='lat' dir='ltr'><strong>paratus]</strong></span> <span class='ocrx_word' id='word_1_61' title='bbox 1251 1277 1316 1326; x_wconf 90' lang='lat' dir='ltr'><strong>In</strong></span> <span class='ocrx_word' id='word_1_62' title='bbox 1341 1290 1402 1326; x_wconf 87' lang='lat' dir='ltr'><strong>eo</strong></span> 
     </span>
     <span class='ocr_line' id='line_1_10' title="bbox 338 1351 1403 1416; baseline 0.002 -14"><span class='ocrx_word' id='word_1_63' title='bbox 338 1361 544 1402; x_wconf 82' lang='lat' dir='ltr'><strong>tantum</strong></span> <span class='ocrx_word' id='word_1_64' title='bbox 578 1368 737 1401; x_wconf 85' lang='lat' dir='ltr'><strong>navus</strong></span> <span class='ocrx_word' id='word_1_65' title='bbox 772 1362 830 1403; x_wconf 90' lang='lat' dir='ltr'><strong>et</strong></span> <span class='ocrx_word' id='word_1_66' title='bbox 871 1351 1033 1416; x_wconf 83' lang='lat' dir='ltr'><strong>vafer,</strong></span> <span class='ocrx_word' id='word_1_67' title='bbox 1066 1362 1126 1404; x_wconf 87' lang='lat' dir='ltr'><strong>ut</strong></span> <span class='ocrx_word' id='word_1_68' title='bbox 1163 1354 1403 1404; x_wconf 80' lang='lat' dir='ltr'><strong>derideat</strong></span> 
     </span>
    </p>
   </div>
   <div class='ocr_carea' id='block_1_6' title="bbox 340 1429 1405 1495">
    <p class='ocr_par' dir='ltr' id='par_1_6' title="bbox 340 1429 1405 1495">
     <span class='ocr_line' id='line_1_11' title="bbox 340 1429 1405 1495; baseline 0.003 -18"><span class='ocrx_word' id='word_1_69' title='bbox 340 1429 660 1478; x_wconf 87' lang='lat' dir='ltr'><strong>eruditorum</strong></span> <span class='ocrx_word' id='word_1_70' title='bbox 684 1429 842 1478; x_wconf 81' lang='lat' dir='ltr'><strong>serias</strong></span> <span class='ocrx_word' id='word_1_71' title='bbox 865 1430 1263 1494; x_wconf 75' lang='lat' dir='ltr'><strong>occupationes:</strong></span> <span class='ocrx_word' id='word_1_72' title='bbox 1297 1431 1405 1495; x_wconf 86' lang='lat' dir='ltr'><strong>qui-</strong></span> 
     </span>
    </p>
   </div>
   <div class='ocr_carea' id='block_1_7' title="bbox 324 1504 1403 3550">
    <p class='ocr_par' dir='ltr' id='par_1_7' title="bbox 341 1504 1402 1630">
     <span class='ocr_line' id='line_1_12' title="bbox 341 1504 1402 1569; baseline 0.004 -17"><span class='ocrx_word' id='word_1_73' title='bbox 341 1520 443 1569; x_wconf 85' lang='lat' dir='ltr'><strong>que</strong></span> <span class='ocrx_word' id='word_1_74' title='bbox 466 1504 676 1569; x_wconf 78' lang='lat' dir='ltr'><strong>gaudet,</strong></span> <span class='ocrx_word' id='word_1_75' title='bbox 699 1505 1037 1568; x_wconf 73' lang='lat' dir='ltr'><strong>Philosophus</strong></span> <span class='ocrx_word' id='word_1_76' title='bbox 1059 1506 1284 1556; x_wconf 78' lang='lat' dir='ltr'><strong>ludibrio</strong></span> <span class='ocrx_word' id='word_1_77' title='bbox 1317 1507 1402 1556; x_wconf 83' lang='lat' dir='ltr'><strong>ha·</strong></span> 
     </span>
     <span class='ocr_line' id='line_1_13' title="bbox 341 1580 473 1630; baseline 0.008 -1"><span class='ocrx_word' id='word_1_78' title='bbox 341 1580 473 1630; x_wconf 88' lang='lat' dir='ltr'><strong>beri.</strong></span> 
     </span>
    </p>

    <p class='ocr_par' dir='ltr' id='par_1_8' title="bbox 332 1655 1403 2470">
     <span class='ocr_line' id='line_1_14' title="bbox 407 1655 1403 1722; baseline 0.003 -18"><span class='ocrx_word' id='word_1_79' title='bbox 407 1660 502 1704; x_wconf 74' lang='lat'><strong>1³8</strong></span> <span class='ocrx_word' id='word_1_80' title='bbox 539 1655 739 1719; x_wconf 73' lang='lat' dir='ltr'><strong>Cynico]</strong></span> <span class='ocrx_word' id='word_1_81' title='bbox 806 1656 912 1706; x_wconf 92' lang='lat' dir='ltr'><strong>Pro</strong></span> <span class='ocrx_word' id='word_1_82' title='bbox 939 1658 1258 1722; x_wconf 79' lang='lat' dir='ltr'><strong>quibuslibet</strong></span> <span class='ocrx_word' id='word_1_83' title='bbox 1284 1657 1403 1707; x_wconf 84' lang='lat' dir='ltr'><strong>Phi-</strong></span> 
     </span>
     <span class='ocr_line' id='line_1_15' title="bbox 337 1732 1399 1798; baseline 0.003 -18"><span class='ocrx_word' id='word_1_84' title='bbox 337 1732 562 1795; x_wconf 77' lang='lat' dir='ltr'><strong>losophis</strong></span> <span class='ocrx_word' id='word_1_85' title='bbox 618 1733 846 1783; x_wconf 83' lang='lat' dir='ltr'><strong>nominat</strong></span> <span class='ocrx_word' id='word_1_86' title='bbox 897 1734 1117 1798; x_wconf 83' lang='lat' dir='ltr'><strong>Cynicos</strong></span> <span class='ocrx_word' id='word_1_87' title='bbox 1172 1733 1399 1783; x_wconf 75' lang='lat' dir='ltr'><strong>Persius.</strong></span> 
     </span>
     <span class='ocr_line' id='line_1_16' title="bbox 338 1808 1396 1859; baseline 0.001 -1"><span class='ocrx_word' id='word_1_88' title='bbox 338 1809 510 1858; x_wconf 86' lang='lat' dir='ltr'><strong>Porro</strong></span> <span class='ocrx_word' id='word_1_89' title='bbox 534 1815 678 1858; x_wconf 76' lang='lat' dir='ltr'><strong>secta</strong></span> <span class='ocrx_word' id='word_1_90' title='bbox 701 1809 789 1857; x_wconf 89' lang='lat' dir='ltr'><strong>illa</strong></span> <span class='ocrx_word' id='word_1_91' title='bbox 811 1808 963 1858; x_wconf 86' lang='lat' dir='ltr'><strong>valde</strong></span> <span class='ocrx_word' id='word_1_92' title='bbox 996 1817 1112 1859; x_wconf 83' lang='lat' dir='ltr'><strong>erat</strong></span> <span class='ocrx_word' id='word_1_93' title='bbox 1133 1810 1309 1859; x_wconf 84' lang='lat' dir='ltr'><strong>odiosa</strong></span> <span class='ocrx_word' id='word_1_94' title='bbox 1333 1809 1396 1859; x_wconf 90' lang='lat' dir='ltr'><strong>ob</strong></span> 
     </span>
     <span class='ocr_line' id='line_1_17' title="bbox 337 1885 1397 1951; baseline 0.002 -18"><span class='ocrx_word' id='word_1_95' title='bbox 337 1885 755 1948; x_wconf 78' lang='lat' dir='ltr'><strong>mordacitatem,</strong></span> <span class='ocrx_word' id='word_1_96' title='bbox 777 1886 842 1934; x_wconf 94' lang='lat' dir='ltr'><strong>ob</strong></span> <span class='ocrx_word' id='word_1_97' title='bbox 867 1901 1017 1951; x_wconf 80' lang='lat' dir='ltr'><strong>quam</strong></span> <span class='ocrx_word' id='word_1_98' title='bbox 1051 1887 1231 1951; x_wconf 79' lang='lat' dir='ltr'><strong>Cynici</strong></span> <span class='ocrx_word' id='word_1_99' title='bbox 1268 1887 1397 1935; x_wconf 88' lang='lat' dir='ltr'><strong>dicti</strong></span> 
     </span>
     <span class='ocr_line' id='line_1_18' title="bbox 337 1961 1400 2026; baseline 0.001 -16"><span class='ocrx_word' id='word_1_100' title='bbox 337 1969 459 2011; x_wconf 70' lang='lat' dir='ltr'><strong>sunt</strong></span> <span class='ocrx_word' id='word_1_101' title='bbox 482 1961 574 2011; x_wconf 90' lang='lat' dir='ltr'><strong>illi.</strong></span> <span class='ocrx_word' id='word_1_102' title='bbox 611 1962 847 2011; x_wconf 67' lang='lat' dir='ltr'><strong>Laertius</strong></span> <span class='ocrx_word' id='word_1_103' title='bbox 871 1962 936 2011; x_wconf 92' lang='lat' dir='ltr'><strong>de</strong></span> <span class='ocrx_word' id='word_1_104' title='bbox 959 1963 1197 2026; x_wconf 84' lang='lat' dir='ltr'><strong>Diogene</strong></span> <span class='ocrx_word' id='word_1_105' title='bbox 1219 1961 1400 2025; x_wconf 82' lang='lat' dir='ltr'><strong>refert,</strong></span> 
     </span>
     <span class='ocr_line' id='line_1_19' title="bbox 338 2035 1400 2102; baseline 0.001 -17"><span class='ocrx_word' id='word_1_106' title='bbox 338 2035 476 2101; x_wconf 84' lang='lat' dir='ltr'><strong>quod</strong></span> <span class='ocrx_word' id='word_1_107' title='bbox 500 2037 851 2099; x_wconf 78' lang='lat' dir='ltr'><strong>interrogatus</strong></span> <span class='ocrx_word' id='word_1_108' title='bbox 880 2052 1039 2102; x_wconf 83' lang='lat' dir='ltr'><strong>quare</strong></span> <span class='ocrx_word' id='word_1_109' title='bbox 1062 2038 1202 2087; x_wconf 76' lang='lat' dir='ltr'><strong>canis</strong></span> <span class='ocrx_word' id='word_1_110' title='bbox 1225 2037 1400 2101; x_wconf 85' lang='lat' dir='ltr'><strong>appel-</strong></span> 
     </span>
     <span class='ocr_line' id='line_1_20' title="bbox 337 2113 1399 2177; baseline 0.001 -16"><span class='ocrx_word' id='word_1_111' title='bbox 337 2114 555 2175; x_wconf 86' lang='lat' dir='ltr'><strong>laretur,</strong></span> <span class='ocrx_word' id='word_1_112' title='bbox 597 2113 892 2176; x_wconf 83' lang='lat' dir='ltr'><strong>respoudit.</strong></span> <span class='ocrx_word' id='word_1_113' title='bbox 947 2113 1057 2176; x_wconf 72' lang='lat' dir='ltr'><strong>quia</strong></span> <span class='ocrx_word' id='word_1_114' title='bbox 1102 2115 1152 2162; x_wconf 71' lang='lat' dir='ltr'><strong>in</strong></span> <span class='ocrx_word' id='word_1_115' title='bbox 1197 2128 1274 2162; x_wconf 86' lang='lat' dir='ltr'><strong>eos</strong></span> <span class='ocrx_word' id='word_1_116' title='bbox 1315 2114 1399 2177; x_wconf 73' lang='lat' dir='ltr'><strong>qui</strong></span> 
     </span>
     <span class='ocr_line' id='line_1_21' title="bbox 332 2189 1400 2254; baseline 0.001 -16"><span class='ocrx_word' id='word_1_117' title='bbox 332 2192 469 2250; x_wconf 67' lang='lat' dir='ltr'><strong>aaut,</strong></span> <span class='ocrx_word' id='word_1_118' title='bbox 486 2189 851 2247; x_wconf 71' lang='lat' dir='ltr'><strong>bhndiorsum3</strong></span> <span class='ocrx_word' id='word_1_119' title='bbox 880 2190 931 2238; x_wconf 76' lang='lat' dir='ltr'><strong>ia</strong></span> <span class='ocrx_word' id='word_1_120' title='bbox 953 2192 1130 2254; x_wconf 75' lang='lat' dir='ltr'><strong>eosqui</strong></span> <span class='ocrx_word' id='word_1_121' title='bbox 1152 2205 1241 2239; x_wconf 78' lang='lat' dir='ltr'><strong>non</strong></span> <span class='ocrx_word' id='word_1_122' title='bbox 1263 2191 1400 2251; x_wconf 72' lang='lat' dir='ltr'><strong>dunt,</strong></span> 
     </span>
     <span class='ocr_line' id='line_1_22' title="bbox 332 2264 1397 2321; baseline 0.001 -9"><span class='ocrx_word' id='word_1_123' title='bbox 332 2264 546 2321; x_wconf 63' lang='lat' dir='ltr'><strong>oblatu-n</strong></span> <span class='ocrx_word' id='word_1_124' title='bbox 581 2265 724 2319; x_wconf 71' lang='lat' dir='ltr'><strong>mulos</strong></span> <span class='ocrx_word' id='word_1_125' title='bbox 742 2269 898 2314; x_wconf 70' lang='lat' dir='ltr'><strong>nutem</strong></span> <span class='ocrx_word' id='word_1_126' title='bbox 921 2268 1123 2315; x_wconf 74' lang='lat' dir='ltr'><strong>mordeo.</strong></span> <span class='ocrx_word' id='word_1_127' title='bbox 1191 2265 1299 2314; x_wconf 84' lang='lat' dir='ltr'><strong>Alii</strong></span> <span class='ocrx_word' id='word_1_128' title='bbox 1329 2265 1397 2314; x_wconf 87' lang='lat' dir='ltr'><strong>ab</strong></span> 
     </span>
     <span class='ocr_line' id='line_1_23' title="bbox 334 2339 1396 2403; baseline 0.003 -15"><span class='ocrx_word' id='word_1_129' title='bbox 334 2339 684 2389; x_wconf 83' lang='lat' dir='ltr'><strong>obscoenitate</strong></span> <span class='ocrx_word' id='word_1_130' title='bbox 724 2341 948 2403; x_wconf 85' lang='lat' dir='ltr'><strong>Cynicos</strong></span> <span class='ocrx_word' id='word_1_131' title='bbox 992 2343 1173 2391; x_wconf 88' lang='lat' dir='ltr'><strong>volunt</strong></span> <span class='ocrx_word' id='word_1_132' title='bbox 1210 2356 1396 2391; x_wconf 87' lang='lat' dir='ltr'><strong>nomen</strong></span> 
     </span>
     <span class='ocr_line' id='line_1_24' title="bbox 332 2416 1151 2470; baseline 0.004 -3"><span class='ocrx_word' id='word_1_133' title='bbox 332 2416 596 2467; x_wconf 70' lang='lat' dir='ltr'><strong>babuisse.</strong></span> <span class='ocrx_word' id='word_1_134' title='bbox 662 2418 795 2466; x_wconf 85' lang='lat' dir='ltr'><strong>Vide</strong></span> <span class='ocrx_word' id='word_1_135' title='bbox 820 2418 994 2470; x_wconf 68' lang='grc' dir='ltr'><strong>Βαὲτῑ.</strong></span> <span class='ocrx_word' id='word_1_136' title='bbox 1018 2419 1054 2468; x_wconf 88' lang='lat' dir='ltr'><strong>l.</strong></span> <span class='ocrx_word' id='word_1_137' title='bbox 1077 2433 1151 2470; x_wconf 77' lang='lat' dir='ltr'><strong>vx.</strong></span> 
     </span>
    </p>

    <p class='ocr_par' dir='ltr' id='par_1_9' title="bbox 328 2491 1395 3002">
     <span class='ocr_line' id='line_1_25' title="bbox 398 2491 1395 2558; baseline 0 -15"><span class='ocrx_word' id='word_1_138' title='bbox 398 2491 639 2556; x_wconf 71' lang='lat' dir='ltr'><strong>Barbam]</strong></span> <span class='ocrx_word' id='word_1_139' title='bbox 697 2493 865 2543; x_wconf 80' lang='lat' dir='ltr'><strong>Atrox</strong></span> <span class='ocrx_word' id='word_1_140' title='bbox 889 2502 1002 2544; x_wconf 81' lang='lat' dir='ltr'><strong>erat</strong></span> <span class='ocrx_word' id='word_1_141' title='bbox 1024 2495 1214 2558; x_wconf 83' lang='lat' dir='ltr'><strong>injuria</strong></span> <span class='ocrx_word' id='word_1_142' title='bbox 1235 2501 1291 2546; x_wconf 86' lang='lat' dir='ltr'><strong>et</strong></span> <span class='ocrx_word' id='word_1_143' title='bbox 1321 2495 1395 2544; x_wconf 87' lang='lat' dir='ltr'><strong>lu·</strong></span> 
     </span>
     <span class='ocr_line' id='line_1_26' title="bbox 333 2569 1394 2621; baseline 0.003 -3"><span class='ocrx_word' id='word_1_144' title='bbox 333 2569 560 2619; x_wconf 86' lang='lat' dir='ltr'><strong>dibrium</strong></span> <span class='ocrx_word' id='word_1_145' title='bbox 603 2569 816 2620; x_wconf 80' lang='lat' dir='ltr'><strong>barbam</strong></span> <span class='ocrx_word' id='word_1_146' title='bbox 858 2572 1046 2620; x_wconf 80' lang='lat' dir='ltr'><strong>vellere</strong></span> <span class='ocrx_word' id='word_1_147' title='bbox 1086 2572 1241 2621; x_wconf 76' lang='lat' dir='ltr'><strong>alicui</strong></span> <span class='ocrx_word' id='word_1_148' title='bbox 1281 2579 1394 2621; x_wconf 86' lang='lat' dir='ltr'><strong>tan-</strong></span> 
     </span>
     <span class='ocr_line' id='line_1_27' title="bbox 332 2645 1391 2711; baseline 0 -15"><span class='ocrx_word' id='word_1_149' title='bbox 332 2661 487 2711; x_wconf 82' lang='lat' dir='ltr'><strong>quam</strong></span> <span class='ocrx_word' id='word_1_150' title='bbox 508 2645 653 2695; x_wconf 78' lang='lat' dir='ltr'><strong>fatuo</strong></span> <span class='ocrx_word' id='word_1_151' title='bbox 677 2647 909 2696; x_wconf 82' lang='lat' dir='ltr'><strong>nimirum</strong></span> <span class='ocrx_word' id='word_1_152' title='bbox 934 2654 988 2696; x_wconf 84' lang='lat' dir='ltr'><strong>et</strong></span> <span class='ocrx_word' id='word_1_153' title='bbox 1006 2646 1208 2697; x_wconf 83' lang='lat' dir='ltr'><strong>stolido.</strong></span> <span class='ocrx_word' id='word_1_154' title='bbox 1259 2649 1391 2697; x_wconf 83' lang='lat' dir='ltr'><strong>Hor.</strong></span> 
     </span>
     <span class='ocr_line' id='line_1_28' title="bbox 332 2721 1392 2773; baseline 0 -2"><span class='ocrx_word' id='word_1_155' title='bbox 332 2724 443 2773; x_wconf 80' lang='lat' dir='ltr'><strong>Sat.</strong></span> <span class='ocrx_word' id='word_1_156' title='bbox 468 2736 506 2772; x_wconf 82' lang='grc'><strong>1.</strong></span> <span class='ocrx_word' id='word_1_157' title='bbox 528 2727 579 2772; x_wconf 79' lang='grc'><strong>3.</strong></span> <span class='ocrx_word' id='word_1_158' title='bbox 619 2722 716 2771; x_wconf 86' lang='lat' dir='ltr'><strong>sub</strong></span> <span class='ocrx_word' id='word_1_159' title='bbox 739 2721 907 2772; x_wconf 86' lang='lat' dir='ltr'><strong>finem.</strong></span> <span class='ocrx_word' id='word_1_160' title='bbox 974 2723 1140 2772; x_wconf 87' lang='lat' dir='ltr'><strong>Porro</strong></span> <span class='ocrx_word' id='word_1_161' title='bbox 1165 2723 1392 2772; x_wconf 85' lang='lat' dir='ltr'><strong>Philoso-</strong></span> 
     </span>
     <span class='ocr_line' id='line_1_29' title="bbox 328 2798 1392 2864; baseline 0.003 -19"><span class='ocrx_word' id='word_1_162' title='bbox 328 2799 419 2861; x_wconf 78' lang='lat' dir='ltr'><strong>plii</strong></span> <span class='ocrx_word' id='word_1_163' title='bbox 441 2798 653 2849; x_wconf 85' lang='lat' dir='ltr'><strong>barbam</strong></span> <span class='ocrx_word' id='word_1_164' title='bbox 689 2800 986 2864; x_wconf 85' lang='lat' dir='ltr'><strong>promissam</strong></span> <span class='ocrx_word' id='word_1_165' title='bbox 1021 2801 1159 2850; x_wconf 86' lang='lat' dir='ltr'><strong>alere</strong></span> <span class='ocrx_word' id='word_1_166' title='bbox 1184 2798 1392 2849; x_wconf 83' lang='lat' dir='ltr'><strong>affecta-</strong></span> 
     </span>
     <span class='ocr_line' id='line_1_30' title="bbox 332 2874 1393 2940; baseline -0.001 -17"><span class='ocrx_word' id='word_1_167' title='bbox 332 2877 488 2924; x_wconf 81' lang='lat' dir='ltr'><strong>bant:</strong></span> <span class='ocrx_word' id='word_1_168' title='bbox 524 2874 745 2940; x_wconf 85' lang='lat' dir='ltr'><strong>hincque</strong></span> <span class='ocrx_word' id='word_1_169' title='bbox 766 2875 1052 2939; x_wconf 78' lang='lat' dir='ltr'><strong>sapientem</strong></span> <span class='ocrx_word' id='word_1_170' title='bbox 1076 2875 1284 2925; x_wconf 84' lang='lat' dir='ltr'><strong>barbam</strong></span> <span class='ocrx_word' id='word_1_171' title='bbox 1309 2889 1393 2923; x_wconf 86' lang='lat' dir='ltr'><strong>vo-</strong></span> 
     </span>
     <span class='ocr_line' id='line_1_31' title="bbox 329 2950 1369 3002; baseline 0.001 -2"><span class='ocrx_word' id='word_1_172' title='bbox 329 2959 417 3001; x_wconf 74' lang='lat' dir='ltr'><strong>cat</strong></span> <span class='ocrx_word' id='word_1_173' title='bbox 442 2951 707 3002; x_wconf 80' lang='lat' dir='ltr'><strong>Horatius.</strong></span> <span class='ocrx_word' id='word_1_174' title='bbox 774 2952 910 2999; x_wconf 87' lang='lat' dir='ltr'><strong>Vide</strong></span> <span class='ocrx_word' id='word_1_175' title='bbox 934 2950 1067 3000; x_wconf 82' lang='lat' dir='ltr'><strong>infra</strong></span> <span class='ocrx_word' id='word_1_176' title='bbox 1090 2952 1200 3001; x_wconf 85' lang='lat' dir='ltr'><strong>Sat.</strong></span> <span class='ocrx_word' id='word_1_177' title='bbox 1226 2967 1297 3002; x_wconf 82' lang='grc' dir='ltr'><strong>ιν.</strong></span> <span class='ocrx_word' id='word_1_178' title='bbox 1325 2957 1369 3001; x_wconf 86' lang='lat'><strong>1.</strong></span> 
     </span>
    </p>

    <p class='ocr_par' dir='ltr' id='par_1_10' title="bbox 328 3026 1393 3231">
     <span class='ocr_line' id='line_1_32' title="bbox 402 3026 1391 3093; baseline -0.001 -16"><span class='ocrx_word' id='word_1_179' title='bbox 402 3026 582 3091; x_wconf 71' lang='lat' dir='ltr'><strong>Vellet]</strong></span> <span class='ocrx_word' id='word_1_180' title='bbox 652 3029 719 3077; x_wconf 91' lang='lat' dir='ltr'><strong>Ut</strong></span> <span class='ocrx_word' id='word_1_181' title='bbox 752 3027 873 3076; x_wconf 83' lang='lat' dir='ltr'><strong>Lais</strong></span> <span class='ocrx_word' id='word_1_182' title='bbox 909 3028 1152 3093; x_wconf 78' lang='lat' dir='ltr'><strong>Diogeni,</strong></span> <span class='ocrx_word' id='word_1_183' title='bbox 1178 3027 1264 3091; x_wconf 91' lang='lat' dir='ltr'><strong>qui</strong></span> <span class='ocrx_word' id='word_1_184' title='bbox 1288 3037 1391 3076; x_wconf 83' lang='lat' dir='ltr'><strong>rne-</strong></span> 
     </span>
     <span class='ocr_line' id='line_1_33' title="bbox 330 3103 1393 3163; baseline -0.002 -10"><span class='ocrx_word' id='word_1_185' title='bbox 330 3105 575 3155; x_wconf 85' lang='lat' dir='ltr'><strong>retricem</strong></span> <span class='ocrx_word' id='word_1_186' title='bbox 626 3106 758 3153; x_wconf 83' lang='lat' dir='ltr'><strong>hanc</strong></span> <span class='ocrx_word' id='word_1_187' title='bbox 816 3103 1022 3163; x_wconf 86' lang='lat' dir='ltr'><strong>amavit,</strong></span> <span class='ocrx_word' id='word_1_188' title='bbox 1069 3111 1126 3152; x_wconf 89' lang='lat' dir='ltr'><strong>ut</strong></span> <span class='ocrx_word' id='word_1_189' title='bbox 1170 3109 1393 3153; x_wconf 80' lang='lat' dir='ltr'><strong>testatur</strong></span> 
     </span>
     <span class='ocr_line' id='line_1_34' title="bbox 328 3181 737 3231; baseline -0.002 0"><span class='ocrx_word' id='word_1_190' title='bbox 328 3181 527 3231; x_wconf 80' lang='lat' dir='ltr'><strong>Athen.</strong></span> <span class='ocrx_word' id='word_1_191' title='bbox 552 3183 586 3230; x_wconf 91' lang='lat' dir='ltr'><strong>l.</strong></span> <span class='ocrx_word' id='word_1_192' title='bbox 612 3195 737 3230; x_wconf 83' lang='lat' dir='ltr'><strong>xm.</strong></span> 
     </span>
    </p>

    <p class='ocr_par' dir='ltr' id='par_1_11' title="bbox 324 3255 1394 3550">
     <span class='ocr_line' id='line_1_35' title="bbox 392 3255 1392 3321; baseline -0.002 -15"><span class='ocrx_word' id='word_1_193' title='bbox 392 3258 637 3321; x_wconf 68' lang='lat' dir='ltr'><strong>Nonum-la]</strong></span> <span class='ocrx_word' id='word_1_194' title='bbox 706 3256 959 3305; x_wconf 79' lang='lat' dir='ltr'><strong>Meretrix</strong></span> <span class='ocrx_word' id='word_1_195' title='bbox 975 3255 1254 3319; x_wconf 83' lang='lat' dir='ltr'><strong>juvenibus</strong></span> <span class='ocrx_word' id='word_1_196' title='bbox 1277 3270 1392 3320; x_wconf 87' lang='lat' dir='ltr'><strong>per-</strong></span> 
     </span>
     <span class='ocr_line' id='line_1_36' title="bbox 326 3331 1392 3397; baseline 0.001 -16"><span class='ocrx_word' id='word_1_197' title='bbox 326 3333 544 3397; x_wconf 82' lang='lat' dir='ltr'><strong>niciosa,</strong></span> <span class='ocrx_word' id='word_1_198' title='bbox 571 3342 627 3382; x_wconf 85' lang='lat' dir='ltr'><strong>ut</strong></span> <span class='ocrx_word' id='word_1_199' title='bbox 651 3332 857 3397; x_wconf 82' lang='lat' dir='ltr'><strong>quidam</strong></span> <span class='ocrx_word' id='word_1_200' title='bbox 880 3333 1074 3393; x_wconf 82' lang='lat' dir='ltr'><strong>volunt,</strong></span> <span class='ocrx_word' id='word_1_201' title='bbox 1097 3333 1173 3380; x_wconf 85' lang='lat' dir='ltr'><strong>sic</strong></span> <span class='ocrx_word' id='word_1_202' title='bbox 1196 3331 1340 3381; x_wconf 85' lang='lat' dir='ltr'><strong>dicta</strong></span> <span class='ocrx_word' id='word_1_203' title='bbox 1361 3347 1392 3382; x_wconf 81' lang='lat' dir='ltr'><strong>a</strong></span> 
     </span>
     <span class='ocr_line' id='line_1_37' title="bbox 327 3406 1392 3474; baseline -0.002 -14"><span class='ocrx_word' id='word_1_204' title='bbox 327 3410 517 3470; x_wconf 71' lang='lat' dir='ltr'><strong>Nonis,</strong></span> <span class='ocrx_word' id='word_1_205' title='bbox 557 3424 671 3474; x_wconf 81' lang='lat' dir='ltr'><strong>quae</strong></span> <span class='ocrx_word' id='word_1_206' title='bbox 697 3410 833 3459; x_wconf 79' lang='lat' dir='ltr'><strong>iuter</strong></span> <span class='ocrx_word' id='word_1_207' title='bbox 853 3406 1102 3459; x_wconf 84' lang='lat' dir='ltr'><strong>infaustos</strong></span> <span class='ocrx_word' id='word_1_208' title='bbox 1140 3407 1250 3457; x_wconf 70' lang='lat' dir='ltr'><strong>dics</strong></span> <span class='ocrx_word' id='word_1_209' title='bbox 1273 3423 1392 3458; x_wconf 86' lang='lat' dir='ltr'><strong>cen-</strong></span> 
     </span>
     <span class='ocr_line' id='line_1_38' title="bbox 324 3485 1394 3550; baseline -0.003 -13"><span class='ocrx_word' id='word_1_210' title='bbox 324 3486 612 3538; x_wconf 60' lang='lat' dir='ltr'><strong>sebantur}</strong></span> <span class='ocrx_word' id='word_1_211' title='bbox 652 3486 885 3537; x_wconf 84' lang='lat' dir='ltr'><strong>Macrob.</strong></span> <span class='ocrx_word' id='word_1_212' title='bbox 928 3487 962 3535; x_wconf 94' lang='lat' dir='ltr'><strong>l.</strong></span> <span class='ocrx_word' id='word_1_213' title='bbox 1007 3499 1045 3534; x_wconf 82' lang='lat'><strong>1.</strong></span> <span class='ocrx_word' id='word_1_214' title='bbox 1088 3486 1170 3536; x_wconf 81' lang='lat' dir='ltr'><strong>vel</strong></span> <span class='ocrx_word' id='word_1_215' title='bbox 1203 3485 1394 3550; x_wconf 85' lang='lat' dir='ltr'><strong>potius,</strong></span> 
     </span>
    </p>
   </div>
   <div class='ocr_carea' id='block_1_8' title="bbox 1468 1275 2546 3551">
    <p class='ocr_par' dir='ltr' id='par_1_12' title="bbox 1481 1275 2546 1492">
     <span class='ocr_line' id='line_1_39' title="bbox 1481 1275 2546 1342; baseline -0.001 -16"><span class='ocrx_word' id='word_1_216' title='bbox 1481 1291 1596 1342; x_wconf 79' lang='lat' dir='ltr'><strong>quoe</strong></span> <span class='ocrx_word' id='word_1_217' title='bbox 1622 1282 1822 1340; x_wconf 80' lang='lat' dir='ltr'><strong>prostat</strong></span> <span class='ocrx_word' id='word_1_218' title='bbox 1844 1275 1908 1325; x_wconf 85' lang='lat' dir='ltr'><strong>ab</strong></span> <span class='ocrx_word' id='word_1_219' title='bbox 1931 1277 2060 1326; x_wconf 78' lang='lat' dir='ltr'><strong>horu</strong></span> <span class='ocrx_word' id='word_1_220' title='bbox 2080 1290 2233 1338; x_wconf 73' lang='lat' dir='ltr'><strong>nona,</strong></span> <span class='ocrx_word' id='word_1_221' title='bbox 2253 1282 2308 1326; x_wconf 92' lang='lat' dir='ltr'><strong>et</strong></span> <span class='ocrx_word' id='word_1_222' title='bbox 2330 1290 2360 1324; x_wconf 79' lang='lat' dir='ltr'><strong>e</strong></span> <span class='ocrx_word' id='word_1_223' title='bbox 2394 1289 2546 1340; x_wconf 82' lang='lat' dir='ltr'><strong>pran-</strong></span> 
     </span>
     <span class='ocr_line' id='line_1_40' title="bbox 1482 1351 2544 1418; baseline 0.002 -17"><span class='ocrx_word' id='word_1_224' title='bbox 1482 1351 1592 1414; x_wconf 88' lang='lat' dir='ltr'><strong>dio,</strong></span> <span class='ocrx_word' id='word_1_225' title='bbox 1629 1366 1742 1401; x_wconf 89' lang='lat' dir='ltr'><strong>cum</strong></span> <span class='ocrx_word' id='word_1_226' title='bbox 1771 1352 1882 1417; x_wconf 86' lang='lat' dir='ltr'><strong>jam</strong></span> <span class='ocrx_word' id='word_1_227' title='bbox 1919 1353 2137 1418; x_wconf 78' lang='lat' dir='ltr'><strong>negotiis</strong></span> <span class='ocrx_word' id='word_1_228' title='bbox 2170 1353 2400 1403; x_wconf 79' lang='lat' dir='ltr'><strong>homiues</strong></span> <span class='ocrx_word' id='word_1_229' title='bbox 2425 1359 2544 1403; x_wconf 82' lang='lat' dir='ltr'><strong>suut</strong></span> 
     </span>
     <span class='ocr_line' id='line_1_41' title="bbox 1482 1429 1926 1492; baseline 0.007 -16"><span class='ocrx_word' id='word_1_230' title='bbox 1482 1429 1649 1477; x_wconf 82' lang='lat' dir='ltr'><strong>minus</strong></span> <span class='ocrx_word' id='word_1_231' title='bbox 1670 1429 1926 1492; x_wconf 85' lang='lat' dir='ltr'><strong>occupati.</strong></span> 
     </span>
    </p>

    <p class='ocr_par' dir='ltr' id='par_1_13' title="bbox 1479 1504 2542 1873">
     <span class='ocr_line' id='line_1_42' title="bbox 1550 1504 2540 1567; baseline 0.002 -15"><span class='ocrx_word' id='word_1_232' title='bbox 1550 1508 1645 1552; x_wconf 73' lang='lat'><strong>1³4</strong></span> <span class='ocrx_word' id='word_1_233' title='bbox 1682 1504 1802 1567; x_wconf 74' lang='lat' dir='ltr'><strong>His]</strong></span> <span class='ocrx_word' id='word_1_234' title='bbox 1864 1505 2074 1555; x_wconf 75' lang='lat' dir='ltr'><strong>Talibus</strong></span> <span class='ocrx_word' id='word_1_235' title='bbox 2117 1504 2402 1554; x_wconf 82' lang='lat' dir='ltr'><strong>bominibus</strong></span> <span class='ocrx_word' id='word_1_236' title='bbox 2449 1505 2540 1554; x_wconf 88' lang='lat' dir='ltr'><strong>im·</strong></span> 
     </span>
     <span class='ocr_line' id='line_1_43' title="bbox 1481 1580 2542 1644; baseline 0.002 -16"><span class='ocrx_word' id='word_1_237' title='bbox 1481 1580 1667 1642; x_wconf 87' lang='lat' dir='ltr'><strong>peritis</strong></span> <span class='ocrx_word' id='word_1_238' title='bbox 1707 1587 1762 1630; x_wconf 89' lang='lat' dir='ltr'><strong>et</strong></span> <span class='ocrx_word' id='word_1_239' title='bbox 1802 1581 2007 1644; x_wconf 78' lang='lat' dir='ltr'><strong>ineptis,</strong></span> <span class='ocrx_word' id='word_1_240' title='bbox 2030 1582 2214 1630; x_wconf 85' lang='lat' dir='ltr'><strong>artium</strong></span> <span class='ocrx_word' id='word_1_241' title='bbox 2252 1581 2542 1631; x_wconf 85' lang='lat' dir='ltr'><strong>liberalium</strong></span> 
     </span>
     <span class='ocr_line' id='line_1_44' title="bbox 1480 1655 2539 1720; baseline 0.002 -17"><span class='ocrx_word' id='word_1_242' title='bbox 1480 1669 1544 1703; x_wconf 84' lang='lat' dir='ltr'><strong>ac</strong></span> <span class='ocrx_word' id='word_1_243' title='bbox 1587 1655 1921 1705; x_wconf 78' lang='lat' dir='ltr'><strong>scientiarum</strong></span> <span class='ocrx_word' id='word_1_244' title='bbox 1958 1657 2311 1720; x_wconf 74' lang='lat' dir='ltr'><strong>incapacibu8‚</strong></span> <span class='ocrx_word' id='word_1_245' title='bbox 2351 1656 2539 1706; x_wconf 86' lang='lat' dir='ltr'><strong>mando</strong></span> 
     </span>
     <span class='ocr_line' id='line_1_45' title="bbox 1479 1731 2539 1796; baseline 0.001 -16"><span class='ocrx_word' id='word_1_246' title='bbox 1479 1738 1536 1780; x_wconf 90' lang='lat' dir='ltr'><strong>et</strong></span> <span class='ocrx_word' id='word_1_247' title='bbox 1573 1731 1816 1795; x_wconf 81' lang='lat' dir='ltr'><strong>indulgeo</strong></span> <span class='ocrx_word' id='word_1_248' title='bbox 1851 1733 2216 1795; x_wconf 76' lang='lat' dir='ltr'><strong>occupationes</strong></span> <span class='ocrx_word' id='word_1_249' title='bbox 2258 1733 2440 1796; x_wconf 81' lang='lat' dir='ltr'><strong>dignas</strong></span> <span class='ocrx_word' id='word_1_250' title='bbox 2463 1747 2539 1796; x_wconf 84' lang='lat' dir='ltr'><strong>se,</strong></span> 
     </span>
     <span class='ocr_line' id='line_1_46' title="bbox 1479 1809 2353 1873; baseline 0.005 -17"><span class='ocrx_word' id='word_1_251' title='bbox 1479 1823 1666 1871; x_wconf 84' lang='lat' dir='ltr'><strong>nempe</strong></span> <span class='ocrx_word' id='word_1_252' title='bbox 1689 1816 1941 1873; x_wconf 77' lang='lat' dir='ltr'><strong>quaestum</strong></span> <span class='ocrx_word' id='word_1_253' title='bbox 1965 1815 2023 1857; x_wconf 84' lang='lat' dir='ltr'><strong>et</strong></span> <span class='ocrx_word' id='word_1_254' title='bbox 2046 1809 2353 1872; x_wconf 80' lang='lat' dir='ltr'><strong>voluptates.</strong></span> 
     </span>
    </p>

    <p class='ocr_par' dir='ltr' id='par_1_14' title="bbox 1477 1884 2543 2104">
     <span class='ocr_line' id='line_1_47' title="bbox 1543 1884 2540 1949; baseline 0.002 -17"><span class='ocrx_word' id='word_1_255' title='bbox 1543 1884 1690 1932; x_wconf 76' lang='lat' dir='ltr'><strong>Mune</strong></span> <span class='ocrx_word' id='word_1_256' title='bbox 1730 1884 1956 1949; x_wconf 69' lang='lat' dir='ltr'><strong>edic-hun]</strong></span> <span class='ocrx_word' id='word_1_257' title='bbox 2020 1885 2208 1934; x_wconf 83' lang='lat' dir='ltr'><strong>Forum</strong></span> <span class='ocrx_word' id='word_1_258' title='bbox 2254 1898 2406 1935; x_wconf 87' lang='lat' dir='ltr'><strong>mane</strong></span> <span class='ocrx_word' id='word_1_259' title='bbox 2450 1900 2540 1949; x_wconf 87' lang='lat' dir='ltr'><strong>pe-</strong></span> 
     </span>
     <span class='ocr_line' id='line_1_48' title="bbox 1478 1961 2543 2026; baseline 0.001 -17"><span class='ocrx_word' id='word_1_260' title='bbox 1478 1966 1614 2022; x_wconf 82' lang='lat' dir='ltr'><strong>tunt,</strong></span> <span class='ocrx_word' id='word_1_261' title='bbox 1640 1961 1727 2009; x_wconf 92' lang='lat' dir='ltr'><strong>ubi</strong></span> <span class='ocrx_word' id='word_1_262' title='bbox 1767 1961 2016 2010; x_wconf 71' lang='lat' dir='ltr'><strong>Praetoris</strong></span> <span class='ocrx_word' id='word_1_263' title='bbox 2054 1962 2229 2011; x_wconf 87' lang='lat' dir='ltr'><strong>edicta</strong></span> <span class='ocrx_word' id='word_1_264' title='bbox 2260 1961 2543 2026; x_wconf 83' lang='lat' dir='ltr'><strong>excipiant,</strong></span> 
     </span>
     <span class='ocr_line' id='line_1_49' title="bbox 1477 2037 2495 2104; baseline 0.004 -20"><span class='ocrx_word' id='word_1_265' title='bbox 1477 2043 1668 2088; x_wconf 74' lang='lat' dir='ltr'><strong>vacent</strong></span> <span class='ocrx_word' id='word_1_266' title='bbox 1687 2038 1917 2088; x_wconf 83' lang='lat' dir='ltr'><strong>avaritiae</strong></span> <span class='ocrx_word' id='word_1_267' title='bbox 1940 2045 1994 2089; x_wconf 86' lang='lat' dir='ltr'><strong>et</strong></span> <span class='ocrx_word' id='word_1_268' title='bbox 2013 2037 2196 2088; x_wconf 86' lang='lat' dir='ltr'><strong>foenori</strong></span> <span class='ocrx_word' id='word_1_269' title='bbox 2220 2038 2495 2104; x_wconf 80' lang='lat' dir='ltr'><strong>exigendo.</strong></span> 
     </span>
    </p>

    <p class='ocr_par' dir='ltr' id='par_1_15' title="bbox 1474 2112 2541 2406">
     <span class='ocr_line' id='line_1_50' title="bbox 1543 2112 2541 2178; baseline 0.003 -17"><span class='ocrx_word' id='word_1_270' title='bbox 1543 2113 1664 2161; x_wconf 75' lang='lat' dir='ltr'><strong>Post</strong></span> <span class='ocrx_word' id='word_1_271' title='bbox 1700 2113 1929 2177; x_wconf 74' lang='lat' dir='ltr'><strong>prandia]</strong></span> <span class='ocrx_word' id='word_1_272' title='bbox 2010 2115 2141 2164; x_wconf 86' lang='lat' dir='ltr'><strong>Post</strong></span> <span class='ocrx_word' id='word_1_273' title='bbox 2182 2112 2345 2164; x_wconf 87' lang='lat' dir='ltr'><strong>forum</strong></span> <span class='ocrx_word' id='word_1_274' title='bbox 2391 2129 2541 2178; x_wconf 74' lang='lat' dir='ltr'><strong>pran-</strong></span> 
     </span>
     <span class='ocr_line' id='line_1_51' title="bbox 1478 2185 2538 2257; baseline 0.002 -18"><span class='ocrx_word' id='word_1_275' title='bbox 1478 2190 1669 2240; x_wconf 84' lang='lat' dir='ltr'><strong>deant:</strong></span> <span class='ocrx_word' id='word_1_276' title='bbox 1704 2205 1766 2241; x_wconf 78' lang='lat' dir='ltr'><strong>ac</strong></span> <span class='ocrx_word' id='word_1_277' title='bbox 1791 2185 1979 2240; x_wconf 89' lang='lat' dir='ltr'><strong>deinde</strong></span> <span class='ocrx_word' id='word_1_278' title='bbox 2005 2206 2100 2255; x_wconf 88' lang='lat' dir='ltr'><strong>per</strong></span> <span class='ocrx_word' id='word_1_279' title='bbox 2120 2192 2259 2241; x_wconf 88' lang='lat' dir='ltr'><strong>diem</strong></span> <span class='ocrx_word' id='word_1_280' title='bbox 2283 2192 2538 2257; x_wconf 87' lang='lat' dir='ltr'><strong>reliquum</strong></span> 
     </span>
     <span class='ocr_line' id='line_1_52' title="bbox 1474 2266 2534 2331; baseline 0.001 -17"><span class='ocrx_word' id='word_1_281' title='bbox 1474 2266 1778 2331; x_wconf 81' lang='lat' dir='ltr'><strong>indulgeant</strong></span> <span class='ocrx_word' id='word_1_282' title='bbox 1817 2267 2089 2331; x_wconf 82' lang='lat' dir='ltr'><strong>voluptati.</strong></span> <span class='ocrx_word' id='word_1_283' title='bbox 2157 2269 2234 2316; x_wconf 83' lang='lat' dir='ltr'><strong>Ea</strong></span> <span class='ocrx_word' id='word_1_284' title='bbox 2273 2275 2354 2317; x_wconf 77' lang='lat' dir='ltr'><strong>est</strong></span> <span class='ocrx_word' id='word_1_285' title='bbox 2395 2267 2534 2330; x_wconf 85' lang='lat' dir='ltr'><strong>plebi</strong></span> 
     </span>
     <span class='ocr_line' id='line_1_53' title="bbox 1477 2341 2536 2406; baseline 0 -14"><span class='ocrx_word' id='word_1_286' title='bbox 1477 2343 1730 2406; x_wconf 64' lang='lat' dir='ltr'><strong>imperite</strong></span> <span class='ocrx_word' id='word_1_287' title='bbox 1747 2342 2136 2393; x_wconf 80' lang='lat' dir='ltr'><strong>accommodata</strong></span> <span class='ocrx_word' id='word_1_288' title='bbox 2158 2341 2361 2391; x_wconf 77' lang='lat' dir='ltr'><strong>vivendi</strong></span> <span class='ocrx_word' id='word_1_289' title='bbox 2386 2342 2536 2391; x_wconf 60' lang='lat' dir='ltr'><strong>ratio.</strong></span> 
     </span>
    </p>

    <p class='ocr_par' dir='ltr' id='par_1_16' title="bbox 1468 2417 2538 3551">
     <span class='ocr_line' id='line_1_54' title="bbox 1543 2417 2533 2483; baseline 0.001 -15"><span class='ocrx_word' id='word_1_290' title='bbox 1543 2419 1831 2482; x_wconf 53' lang='lat' dir='ltr'><strong>Callirhoen]</strong></span> <span class='ocrx_word' id='word_1_291' title='bbox 1912 2420 2010 2468; x_wconf 83' lang='lat' dir='ltr'><strong>Vel</strong></span> <span class='ocrx_word' id='word_1_292' title='bbox 2053 2424 2279 2468; x_wconf 89' lang='lat' dir='ltr'><strong>scortum</strong></span> <span class='ocrx_word' id='word_1_293' title='bbox 2323 2417 2533 2483; x_wconf 84' lang='lat' dir='ltr'><strong>aliquod</strong></span> 
     </span>
     <span class='ocr_line' id='line_1_55' title="bbox 1474 2494 2534 2557; baseline 0 -12"><span class='ocrx_word' id='word_1_294' title='bbox 1474 2494 1756 2545; x_wconf 81' lang='lat' dir='ltr'><strong>famosum:</strong></span> <span class='ocrx_word' id='word_1_295' title='bbox 1790 2495 1875 2545; x_wconf 86' lang='lat' dir='ltr'><strong>vel</strong></span> <span class='ocrx_word' id='word_1_296' title='bbox 1909 2495 2143 2543; x_wconf 86' lang='lat' dir='ltr'><strong>scenicos</strong></span> <span class='ocrx_word' id='word_1_297' title='bbox 2183 2495 2349 2557; x_wconf 83' lang='lat' dir='ltr'><strong>ludos,</strong></span> <span class='ocrx_word' id='word_1_298' title='bbox 2368 2501 2424 2544; x_wconf 88' lang='lat' dir='ltr'><strong>et</strong></span> <span class='ocrx_word' id='word_1_299' title='bbox 2462 2495 2534 2545; x_wconf 79' lang='lat' dir='ltr'><strong>sa-</strong></span> 
     </span>
     <span class='ocr_line' id='line_1_56' title="bbox 1475 2568 2536 2632; baseline 0.001 -14"><span class='ocrx_word' id='word_1_300' title='bbox 1475 2570 1649 2619; x_wconf 84' lang='lat' dir='ltr'><strong>bulam</strong></span> <span class='ocrx_word' id='word_1_301' title='bbox 1709 2570 1776 2619; x_wconf 88' lang='lat' dir='ltr'><strong>de</strong></span> <span class='ocrx_word' id='word_1_302' title='bbox 1819 2568 2074 2619; x_wconf 69' lang='lat' dir='ltr'><strong>Callirhoe</strong></span> <span class='ocrx_word' id='word_1_303' title='bbox 2122 2577 2245 2618; x_wconf 89' lang='lat' dir='ltr'><strong>tunc</strong></span> <span class='ocrx_word' id='word_1_304' title='bbox 2290 2570 2536 2632; x_wconf 82' lang='lat' dir='ltr'><strong>temporis</strong></span> 
     </span>
     <span class='ocr_line' id='line_1_57' title="bbox 1473 2646 2536 2707; baseline 0.001 -10"><span class='ocrx_word' id='word_1_305' title='bbox 1473 2647 1705 2697; x_wconf 85' lang='lat' dir='ltr'><strong>exhiberi</strong></span> <span class='ocrx_word' id='word_1_306' title='bbox 1732 2647 1968 2707; x_wconf 77' lang='lat' dir='ltr'><strong>solitam3</strong></span> <span class='ocrx_word' id='word_1_307' title='bbox 2002 2648 2086 2696; x_wconf 84' lang='lat' dir='ltr'><strong>vel</strong></span> <span class='ocrx_word' id='word_1_308' title='bbox 2125 2646 2439 2696; x_wconf 81' lang='lat' dir='ltr'><strong>natationem</strong></span> <span class='ocrx_word' id='word_1_309' title='bbox 2478 2655 2536 2698; x_wconf 90' lang='lat' dir='ltr'><strong>et</strong></span> 
     </span>
     <span class='ocr_line' id='line_1_58' title="bbox 1473 2720 2534 2774; baseline 0 -1"><span class='ocrx_word' id='word_1_310' title='bbox 1473 2723 1945 2773; x_wconf 78' lang='lat' dir='ltr'><strong>deambulationem</strong></span> <span class='ocrx_word' id='word_1_311' title='bbox 1967 2722 2032 2774; x_wconf 83' lang='lat' dir='ltr'><strong>sd</strong></span> <span class='ocrx_word' id='word_1_312' title='bbox 2057 2720 2255 2773; x_wconf 83' lang='lat' dir='ltr'><strong>fontem</strong></span> <span class='ocrx_word' id='word_1_313' title='bbox 2278 2723 2425 2773; x_wconf 82' lang='lat' dir='ltr'><strong>istius</strong></span> <span class='ocrx_word' id='word_1_314' title='bbox 2445 2739 2534 2774; x_wconf 88' lang='lat' dir='ltr'><strong>no-</strong></span> 
     </span>
     <span class='ocr_line' id='line_1_59' title="bbox 1472 2798 2538 2849; baseline -0.002 0"><span class='ocrx_word' id='word_1_315' title='bbox 1472 2800 1624 2849; x_wconf 81' lang='lat' dir='ltr'><strong>minis</strong></span> <span class='ocrx_word' id='word_1_316' title='bbox 1664 2801 1716 2849; x_wconf 83' lang='lat' dir='ltr'><strong>iu</strong></span> <span class='ocrx_word' id='word_1_317' title='bbox 1762 2799 1956 2849; x_wconf 82' lang='lat' dir='ltr'><strong>Attica.</strong></span> <span class='ocrx_word' id='word_1_318' title='bbox 2024 2798 2311 2848; x_wconf 88' lang='lat' dir='ltr'><strong>Contendit</strong></span> <span class='ocrx_word' id='word_1_319' title='bbox 2348 2799 2538 2849; x_wconf 82' lang='lat' dir='ltr'><strong>Marci-</strong></span> 
     </span>
     <span class='ocr_line' id='line_1_60' title="bbox 1472 2874 2535 2940; baseline 0 -16"><span class='ocrx_word' id='word_1_320' title='bbox 1472 2877 1568 2925; x_wconf 92' lang='lat' dir='ltr'><strong>lius</strong></span> <span class='ocrx_word' id='word_1_321' title='bbox 1611 2875 1940 2925; x_wconf 80' lang='lat' dir='ltr'><strong>referendum</strong></span> <span class='ocrx_word' id='word_1_322' title='bbox 1983 2891 2096 2926; x_wconf 86' lang='lat' dir='ltr'><strong>esse</strong></span> <span class='ocrx_word' id='word_1_323' title='bbox 2143 2874 2208 2924; x_wconf 88' lang='lat' dir='ltr'><strong>ad</strong></span> <span class='ocrx_word' id='word_1_324' title='bbox 2256 2876 2535 2940; x_wconf 80' lang='lat' dir='ltr'><strong>Neronem,</strong></span> 
     </span>
     <span class='ocr_line' id='line_1_61' title="bbox 1471 2954 2535 3020; baseline 0 -17"><span class='ocrx_word' id='word_1_325' title='bbox 1471 2954 1559 3020; x_wconf 91' lang='lat' dir='ltr'><strong>qul</strong></span> <span class='ocrx_word' id='word_1_326' title='bbox 1583 2955 1841 3019; x_wconf 84' lang='lat' dir='ltr'><strong>popellum</strong></span> <span class='ocrx_word' id='word_1_327' title='bbox 1865 2955 2038 3004; x_wconf 87' lang='lat' dir='ltr'><strong>edicto</strong></span> <span class='ocrx_word' id='word_1_328' title='bbox 2077 2961 2305 3015; x_wconf 84' lang='lat' dir='ltr'><strong>vocaret,</strong></span> <span class='ocrx_word' id='word_1_329' title='bbox 2338 2960 2393 3002; x_wconf 92' lang='lat' dir='ltr'><strong>et</strong></span> <span class='ocrx_word' id='word_1_330' title='bbox 2417 2968 2535 3003; x_wconf 83' lang='lat' dir='ltr'><strong>can-</strong></span> 
     </span>
     <span class='ocr_line' id='line_1_62' title="bbox 1472 3031 2531 3095; baseline 0.002 -14"><span class='ocrx_word' id='word_1_331' title='bbox 1472 3038 1699 3081; x_wconf 82' lang='lat' dir='ltr'><strong>taturum</strong></span> <span class='ocrx_word' id='word_1_332' title='bbox 1746 3046 1801 3080; x_wconf 89' lang='lat' dir='ltr'><strong>se</strong></span> <span class='ocrx_word' id='word_1_333' title='bbox 1846 3031 2136 3080; x_wconf 69' lang='lat' dir='ltr'><strong>Callirhoen</strong></span> <span class='ocrx_word' id='word_1_334' title='bbox 2173 3032 2531 3095; x_wconf 83' lang='lat' dir='ltr'><strong>promitteret:</strong></span> 
     </span>
     <span class='ocr_line' id='line_1_63' title="bbox 1472 3106 2533 3170; baseline 0 -14"><span class='ocrx_word' id='word_1_335' title='bbox 1472 3114 1532 3157; x_wconf 93' lang='lat' dir='ltr'><strong>ut</strong></span> <span class='ocrx_word' id='word_1_336' title='bbox 1554 3108 1622 3156; x_wconf 89' lang='lat' dir='ltr'><strong>sit</strong></span> <span class='ocrx_word' id='word_1_337' title='bbox 1647 3106 1818 3157; x_wconf 78' lang='lat' dir='ltr'><strong>Persii</strong></span> <span class='ocrx_word' id='word_1_338' title='bbox 1839 3122 2045 3157; x_wconf 83' lang='lat' dir='ltr'><strong>sensus:</strong></span> <span class='ocrx_word' id='word_1_339' title='bbox 2084 3108 2218 3156; x_wconf 85' lang='lat' dir='ltr'><strong>tales</strong></span> <span class='ocrx_word' id='word_1_340' title='bbox 2255 3122 2351 3170; x_wconf 77' lang='lat' dir='ltr'><strong>ego</strong></span> <span class='ocrx_word' id='word_1_341' title='bbox 2390 3107 2533 3156; x_wconf 82' lang='lat' dir='ltr'><strong>audi-</strong></span> 
     </span>
     <span class='ocr_line' id='line_1_64' title="bbox 1472 3182 2530 3246; baseline 0 -14"><span class='ocrx_word' id='word_1_342' title='bbox 1472 3191 1612 3232; x_wconf 83' lang='lat' dir='ltr'><strong>tores</strong></span> <span class='ocrx_word' id='word_1_343' title='bbox 1648 3182 1765 3232; x_wconf 87' lang='lat' dir='ltr'><strong>hiuc</strong></span> <span class='ocrx_word' id='word_1_344' title='bbox 1810 3199 1842 3232; x_wconf 86' lang='lat' dir='ltr'><strong>a</strong></span> <span class='ocrx_word' id='word_1_345' title='bbox 1880 3183 2002 3231; x_wconf 80' lang='lat' dir='ltr'><strong>meis</strong></span> <span class='ocrx_word' id='word_1_346' title='bbox 2041 3183 2222 3231; x_wconf 78' lang='lat' dir='ltr'><strong>Satiris</strong></span> <span class='ocrx_word' id='word_1_347' title='bbox 2257 3182 2441 3246; x_wconf 84' lang='lat' dir='ltr'><strong>ablego</strong></span> <span class='ocrx_word' id='word_1_348' title='bbox 2465 3182 2530 3232; x_wconf 85' lang='lat' dir='ltr'><strong>ad</strong></span> 
     </span>
     <span class='ocr_line' id='line_1_65' title="bbox 1468 3258 2530 3321; baseline -0.001 -14"><span class='ocrx_word' id='word_1_349' title='bbox 1468 3258 1729 3307; x_wconf 87' lang='lat' dir='ltr'><strong>audienda</strong></span> <span class='ocrx_word' id='word_1_350' title='bbox 1777 3259 1997 3308; x_wconf 79' lang='lat' dir='ltr'><strong>Neronis</strong></span> <span class='ocrx_word' id='word_1_351' title='bbox 2049 3258 2227 3321; x_wconf 84' lang='lat' dir='ltr'><strong>inepta</strong></span> <span class='ocrx_word' id='word_1_352' title='bbox 2281 3258 2530 3307; x_wconf 78' lang='lat' dir='ltr'><strong>carmina:</strong></span> 
     </span>
     <span class='ocr_line' id='line_1_66' title="bbox 1470 3333 2532 3400; baseline -0.004 -16"><span class='ocrx_word' id='word_1_353' title='bbox 1470 3350 1716 3400; x_wconf 85' lang='lat' dir='ltr'><strong>suamque</strong></span> <span class='ocrx_word' id='word_1_354' title='bbox 1738 3336 2008 3400; x_wconf 86' lang='lat' dir='ltr'><strong>Interpres</strong></span> <span class='ocrx_word' id='word_1_355' title='bbox 2041 3336 2127 3384; x_wconf 92' lang='lat' dir='ltr'><strong>ille</strong></span> <span class='ocrx_word' id='word_1_356' title='bbox 2161 3333 2313 3384; x_wconf 75' lang='lat' dir='ltr'><strong>fulcit</strong></span> <span class='ocrx_word' id='word_1_357' title='bbox 2334 3334 2532 3396; x_wconf 86' lang='lat' dir='ltr'><strong>opinio-</strong></span> 
     </span>
     <span class='ocr_line' id='line_1_67' title="bbox 1471 3409 2528 3475; baseline -0.004 -15"><span class='ocrx_word' id='word_1_358' title='bbox 1471 3426 1587 3460; x_wconf 78' lang='lat' dir='ltr'><strong>nem</strong></span> <span class='ocrx_word' id='word_1_359' title='bbox 1610 3426 1673 3459; x_wconf 84' lang='lat' dir='ltr'><strong>ex</strong></span> <span class='ocrx_word' id='word_1_360' title='bbox 1707 3426 1771 3459; x_wconf 87' lang='lat' dir='ltr'><strong>co</strong></span> <span class='ocrx_word' id='word_1_361' title='bbox 1793 3410 1931 3475; x_wconf 87' lang='lat' dir='ltr'><strong>quod</strong></span> <span class='ocrx_word' id='word_1_362' title='bbox 1960 3412 2224 3460; x_wconf 86' lang='lat' dir='ltr'><strong>Neronem</strong></span> <span class='ocrx_word' id='word_1_363' title='bbox 2245 3409 2296 3457; x_wconf 86' lang='lat' dir='ltr'><strong>in</strong></span> <span class='ocrx_word' id='word_1_364' title='bbox 2321 3409 2415 3458; x_wconf 76' lang='lat' dir='ltr'><strong>hac</strong></span> <span class='ocrx_word' id='word_1_365' title='bbox 2438 3409 2528 3457; x_wconf 81' lang='lat' dir='ltr'><strong>Sa·</strong></span> 
     </span>
     <span class='ocr_line' id='line_1_68' title="bbox 1472 3487 2334 3551; baseline -0.002 -16"><span class='ocrx_word' id='word_1_366' title='bbox 1472 3487 1575 3536; x_wconf 80' lang='lat' dir='ltr'><strong>tira</strong></span> <span class='ocrx_word' id='word_1_367' title='bbox 1597 3487 1807 3537; x_wconf 84' lang='lat' dir='ltr'><strong>Persius</strong></span> <span class='ocrx_word' id='word_1_368' title='bbox 1828 3487 2089 3551; x_wconf 76' lang='lat' dir='ltr'><strong>praecipue</strong></span> <span class='ocrx_word' id='word_1_369' title='bbox 2112 3491 2334 3549; x_wconf 80' lang='lat' dir='ltr'><strong>spectet.</strong></span> 
     </span>
    </p>
   </div>
  </div>
 </body>
</html>
