3050 4913
524 384 614 448 74

1285 397 1355 444 A.
1403 397 1619 447 Pausi
1631 397 1656 445 1
1706 396 1973 446 Rhacct

527 541 891 606 Stemmate
920 540 1095 625 quod
1126 539 1351 604 Tusco
1377 560 1631 605 ramum
1660 541 2009 606 millesime
2034 539 2248 619 dacia,

529 642 969 707 Censoremne
999 648 1182 706 tuum
1211 643 1321 705 vel
1348 642 1532 725 quod
1561 644 1856 706 trabeate
1884 644 2183 707 salutas?

527 743 639 809 Ad
668 745 988 829 populum
1015 743 1356 827 phaleras:
1401 764 1524 827 ego
1556 750 1621 808 te
1648 745 1825 808 intus
1853 745 2018 808 etin
2048 751 2197 809 cute
2221 744 2399 810 novi.

2646 747 2737 812 3⁰

531 846 690 912 Nou
715 848 917 930 pudet
946 846 1031 909 ad
1060 866 1308 911 morem
1338 847 1644 912 discincti
1674 848 1896 912 vivere
1931 847 2158 911 Nattae
2181 848 2211 910 'l

452 948 455 953 ’
529 950 665 1015 Sed
696 956 917 1032 stupet
942 949 1053 1013 hic
1084 950 1271 1026 vitio,
1297 956 1363 1013 et
1388 950 1570 1013 fibris
1598 950 1875 1014 increvit
1902 949 2200 1032 opimum

519 1099 753 1161 frangere
772 1098 941 1158 ventis,
962 1098 1074 1162 quia
1097 1097 1364 1146 millesim
1385 1098 1545 1147 trahis
1577 1098 1751 1148 linem
1775 1097 2114 1148 successionis
2136 1097 2195 1146 ab
2222 1099 2420 1148 Etmco
2437 1112 2610 1160 genere
2625 1115 2646 1157 ,·
2675 1100 2750 1149 rel

533 1166 670 1228 quod
699 1165 945 1211 Censorem
969 1164 1105 1212 iuter
1127 1167 1232 1211 tuos
1250 1165 1451 1227 niatu,
1468 1164 1543 1213 ecl
1563 1166 1676 1227 quia
1695 1164 1860 1213 trabea
1888 1164 2090 1213 vestitus
2121 1163 2211 1212 es?

697 1230 804 1288 Ego
826 1232 873 1276 te
891 1242 1114 1287 cognosco
1144 1228 1346 1276 interius
1374 1234 1420 1278 et
1454 1230 1682 1277 exter-ias.
1753 1230 1806 1278 Ν

530 1243 627 1277 m.

2277 1166 2358 1213 Ad
2376 1164 2556 1227 plebes·
2587 1165 2750 1228 plide-

1804 1228 1996 1291 umqut‘d
2037 1243 2126 1276 non
2148 1229 2326 1291 pudore
2356 1229 2560 1294 afficeris
2596 1231 2748 1279 euna

530 1308 672 1357 agere
685 1295 747 1341 ud
766 1293 921 1341 instar
946 1294 1113 1341 Nune
1130 1289 1382 1342 dissoluti?
1413 1292 1483 1342 Ae
1517 1293 1598 1342 tue
1627 1294 1844 1356 stupidus
1869 1299 1939 1342 est
1960 1292 2148 1353 defecta
2166 1300 2387 1357 naturae,
2407 1300 2453 1341 et
2477 1294 2528 1341 in
2544 1309 2748 1357 precor-

1464 1424 1487 1441 O
1496 1422 1754 1442 “once“
1763 1423 1816 1440 00

532 1504 622 1566 sit,
663 1503 795 1560 Quid
850 1501 1091 1555 mm?

1159 1505 1250 1555 sed
1296 1505 1452 1556 aliter
1493 1506 1677 1570 scripti
1718 1505 1988 1556 libne-29
2032 1508 2337 1555 Cenon-enee
2374 1504 2507 1555 Edd.
2546 1505 2750 1571 plurim.

1539 1618 1752 1668 NOTAE

598 1729 662 1773 28
697 1724 955 1774 &ommate
991 1727 1113 1789 qaod
1150 1725 1353 1788 Theseo,
1380 1722 1488 1786 fisa]
1524 1724 1601 1773 Eo

1679 1723 1789 1774 Alii
1811 1723 2110 1788 intelligunt
2134 1724 2347 1775 salutari
2372 1725 2615 1788 imagines
2638 1727 2755 1775 Ma-

538 1804 677 1869 quod
720 1819 816 1867 per
860 1805 1001 1854 mille
1043 1807 1402 1868 generationes
1445 1806 1602 1869 origi·
1670 1801 1917 1864 jorumin
1940 1802 2074 1851 atrio
2096 1808 2313 1852 stantes.
2378 1803 2456 1852 Eo
2480 1803 2618 1868 quod
2642 1803 2749 1853 Ne·

536 1894 655 1929 nem
681 1880 842 1929 ducas
884 1896 949 1930 ex
986 1881 1160 1946 aliqua
1193 1888 1403 1932 vetusta
1425 1891 1480 1931 et
1512 1897 1602 1932 no·

534 1957 629 2006 bili
670 1957 893 2007 Etruriae
929 1956 1145 2007 familia.
1214 1960 1381 2008 Porro
1404 1964 1603 2008 demna

536 2034 722 2083 Latine
745 2049 936 2083 corona
974 2041 1057 2083 est
1093 2049 1122 2083 e
1154 2032 1364 2083 floribus
1387 2048 1602 2099 praeser·

536 2110 646 2159 tim.
716 2110 1077 2173 Metapborice
1132 2111 1358 2160 sumitur
1407 2120 1462 2161 et
1507 2127 1601 2176 pro

537 2186 807 2249 gentilitiis
848 2185 1152 2249 insignibus,
1189 2196 1244 2236 et
1285 2203 1379 2251 pro
1418 2190 1605 2238 statuis

537 2269 596 2311 et
636 2262 944 2326 imaginibus
989 2264 1265 2327 rugiorum,
1306 2280 1420 2329 quae
1458 2280 1607 2315 orna-

541 2340 731 2389 bantur
754 2342 905 2389 sertis
938 2340 1186 2405 ejusmodi
1220 2339 1392 2391 floreis
1431 2348 1488 2392 et
1520 2356 1605 2392 co-

537 2415 712 2467 rollis:
772 2416 898 2466 item
945 2431 1039 2481 pro
1085 2416 1290 2480 arbore,
1334 2425 1393 2467 ut
1437 2419 1605 2481 aiunt,

538 2493 1024 2556 consanguinitatis,
1056 2509 1211 2558 quam
1250 2494 1418 2544 ductis
1461 2495 1607 2545 lineis

538 2568 832 2634 additisque
856 2569 1092 2619 rotundis
1113 2569 1291 2633 figuris
1307 2568 1605 2623 efficiebant

538 2646 754 2711 antiqui,
771 2655 825 2695 et
846 2654 1062 2696 stemma
1085 2647 1441 2710 appellabant.
1466 2648 1603 2700 Ptin.

539 2734 721 2772 xxxv.
743 2727 791 2771 2.
816 2725 832 2750 ‘
857 2723 1144 2772 Stemmata
1178 2724 1325 2772 lineis
1349 2724 1603 2775 discurre-

540 2800 666 2849 bant
688 2799 750 2849 ad
776 2801 1020 2862 imagines
1045 2800 1249 2863 pictas!
1287 2799 1421 2849 Vide
1444 2801 1602 2852 Juve-

538 2877 641 2929 nal.
663 2878 776 2926 Sat.
801 2891 931 2926 vm.
956 2877 1121 2926 initio.

605 2954 811 3004 Rumam
829 2954 985 3017 ducis]
1022 2956 1233 3005 Lineam
1269 2970 1455 3019 nempe
1494 2971 1605 3006 suc-

540 3030 799 3080 cessionis.
828 3031 1078 3094 Isidorus,
1101 3045 1178 3081 tx.
1208 3037 1256 3083 6.
1298 3033 1482 3083 Solent
1504 3032 1606 3083 Ad-

542 3109 712 3158 vocati
735 3116 1025 3168 stemmata,
1048 3112 1160 3158 sive
1194 3112 1507 3160 ramusct.los
1532 3110 1606 3159 fa-

541 3199 662 3234 cere
702 3187 755 3234 in
795 3199 1000 3248 genere,
1031 3201 1149 3235 cum
1188 3185 1377 3250 gradus
1414 3201 1606 3250 cogna-

541 3261 741 3310 tionum
767 3262 1075 3323 partiuntur.

604 3340 670 3386 29
706 3337 1010 3386 emmanue
1030 3336 1188 3400 tuam]
1221 3336 1285 3385 In
1308 3342 1399 3385 tua
1421 3351 1607 3400 cogna-

541 3413 683 3464 tione
707 3420 762 3461 et
783 3418 955 3475 geute.

612 3490 866 3554 Mente]
918 3489 1094 3540 Nobili
1137 3497 1284 3539 veste
1327 3490 1541 3540 indutus
1574 3505 1605 3540 e

544 3580 789 3631 purpura.
847 3564 998 3616 Alex.
1035 3566 1100 3615 ab
1135 3565 1288 3616 Alex.
1312 3580 1366 3615 v·
1394 3571 1472 3615 18.
1511 3567 1609 3615 Ro-

543 3644 735 3692 mulum
779 3643 999 3705 primum
1042 3642 1220 3690 trabea
1258 3656 1403 3691 usum
1447 3639 1608 3691 fuisse

544 3718 647 3777 ait;
693 3727 749 3768 et
789 3719 981 3782 triplex
1021 3718 1217 3767 trabea
1263 3732 1424 3781 genus
1464 3719 1610 3766 lucu-

544 3795 713 3843 lenter
745 3795 994 3858 explicat.
1052 3794 1183 3844 Vide
1219 3794 1462 3846 Juvenal.
1498 3795 1607 3846 Sat.

545 3883 669 3919 viu.
693 3875 807 3920 259.
831 3871 1007 3936 ibique
1032 3869 1281 3920 Annotat.

611 3946 825 4008 samu]
863 3937 1116 3995 Nimirum
1151 3947 1202 3995 in
1243 3962 1435 3996 censu:
1473 3955 1611 4011 post·

545 4037 698 4089 quani
721 4023 856 4071 enim
881 4023 1081 4071 Censor
1105 4023 1320 4086 Equites
1350 4024 1608 4075 Romanos

547 4106 942 4162 recognoverat,
964 4098 1015 4146 hi
1041 4105 1160 4148 ante
1195 4099 1339 4147 illum
1375 4100 1426 4148 iu
1451 4101 1613 4150 tribu·

547 4175 650 4227 nali
710 4174 976 4225 sedentem
1041 4175 1502 4226 transvehebantur
1561 4177 1614 4227 iu

547 4268 701 4319 equo,
739 4257 794 4302 et
835 4250 1035 4315 trabea,
1058 4265 1275 4316 eumque
1297 4253 1612 4305 salutabant.

1682 1877 1821 1927 ronis
1846 1885 2078 1941 tempore
2116 1880 2374 1929 Censores
2416 1880 2544 1930 nulli
2583 1889 2752 1931 erant.

1683 1953 1770 2004 Ita
1808 1961 2006 2019 pugnat
2041 1953 2333 2006 Autumnus
2375 1957 2622 2007 adversus
2656 1957 2755 2007 Ca·

1684 2031 1988 2090 sanbonum,
2013 2032 2349 2097 inprimisque
2387 2041 2571 2082 contra
2611 2034 2755 2083 Mar·

1686 2109 1891 2157 cilium:
1927 2116 1982 2160 at
2012 2110 2245 2172 quamvis
2269 2110 2396 2159 nulli
2420 2118 2597 2160 essent
2627 2117 2755 2161 tnnc

1688 2186 1958 2249 Censores,
2019 2186 2273 2249 Princeps
2339 2187 2452 2252 ipse
2516 2187 2756 2238 Censoris

1686 2275 1865 2311 munus
1882 2263 1981 2311 hoc
2006 2264 2305 2314 exercebat.

1751 2343 1815 2387 80
1848 2339 1930 2389 Aa
1952 2341 2172 2402 populum
2207 2339 2447 2403 phaleras]
2485 2339 2615 2389 Haec
2640 2355 2756 2390 ver-

1687 2414 1754 2464 ba
1796 2415 1950 2480 plane
1995 2415 2383 2467 accommodata
2414 2415 2479 2466 ad
2520 2417 2758 2482 proposi·

1687 2497 1948 2551 tum,cum
1983 2499 2107 2555 agat
2149 2497 2333 2541 contra
2375 2493 2618 2558 Equitem
2655 2496 2756 2543 Ro·

1687 2581 1908 2618 manum.
1977 2568 2195 2617 Phalera
2227 2576 2346 2617 sunt
2384 2570 2653 2634 equestria
2674 2584 2758 2619 or-

1681 2652 1943 2693 namenta.
2008 2644 2202 2694 Sensus
2243 2654 2354 2695 est:
2412 2661 2474 2694 ue
2520 2653 2754 2696 ostentes

1681 2718 1904 2775 fortunae
1930 2721 2083 2784 bona,
2105 2737 2219 2786 qun
2251 2737 2352 2770 non
2385 2730 2436 2771 te
2470 2723 2756 2774 nobilitant

1681 2797 1865 2861 magis,
1908 2814 2058 2863 quam
2106 2800 2333 2864 phalera
2377 2815 2586 2864 equum.
2656 2802 2758 2851 Illa

1684 2874 1888 2938 plebem
1930 2875 2224 2940 imperitam
2272 2876 2541 2942 decipiunt
2575 2893 2638 2929 ac
2673 2881 2761 2928 de-

1683 2951 1873 3013 tinent,
1909 2967 2013 3002 non
2068 2962 2240 3004 autem
2284 2956 2421 3005 viros
2466 2955 2754 3020 sapientes,

1682 3028 1772 3092 qui
1795 3043 1825 3077 e
1848 3028 1967 3079 solis
1988 3030 2145 3080 animi
2170 3031 2317 3081 bonis
2338 3033 2597 3083 hominem
2618 3033 2754 3084 aesti-

1686 3113 1847 3154 matut.

1753 3180 1887 3229 Istas
1923 3185 1969 3229 et
1999 3181 2052 3230 ia
2084 3181 2212 3244 cute]
2259 3181 2476 3232 intimos
2497 3183 2658 3231 animi
2684 3184 2758 3232 tsi

1689 3271 1943 3320 recessus,
1982 3266 2037 3307 et
2087 3273 2429 3323 quacumque
2471 3259 2547 3308 ibi
2590 3260 2760 3309 latent

1687 3333 1815 3381 vitia
1837 3334 2108 3396 pet-spicio.

1751 3413 1810 3459 81
1840 3410 2034 3474 Nuttoe]
2060 3412 2146 3460 De
2170 3426 2272 3475 quo
2297 3412 2486 3462 Horat.
2511 3411 2626 3461 Sat.
2652 3425 2690 3461 r.
2711 3417 2760 3461 6.

1686 3487 1910 3539 Quidam
1933 3489 2134 3551 legunt,
2159 3490 2351 3538 Nuccae.
2387 3488 2651 3553 Quicquid
2678 3490 2765 3552 sit,

1688 3570 1899 3612 constat
1929 3563 2150 3627 intelligi
2188 3564 2442 3612 hominem
2476 3563 2675 3613 deliciis
2709 3569 2764 3613 et

1688 3637 1900 3689 libidine
1928 3638 2211 3703 perditum,
2230 3640 2338 3689 sive
2361 3640 2405 3688 is
2424 3638 2600 3689 infima
2620 3649 2760 3690 sorte

1687 3713 1865 3778 fuerit,
1905 3717 2015 3765 sive
2057 3717 2196 3766 domi
2253 3716 2441 3766 nobilis
2484 3730 2514 3764 a
2561 3718 2761 3766 virtute

1690 3803 1912 3856 paterna
1935 3790 2238 3842 desciverit.

1755 3873 1818 3919 82
1853 3869 1949 3919 Sed
1967 3874 2123 3934 stupet
2147 3869 2249 3933 hic]
2283 3869 2385 3919 Hic
2408 3869 2472 3918 ad
2497 3877 2762 3933 stuporem

1689 3960 1853 4011 usque
1884 3946 1994 4010 jam
2036 3945 2266 4006 devenit,
2305 3960 2402 3994 nec
2441 3960 2496 3994 se
2537 3959 2759 4009 peceare

1694 4021 1961 4071 advertit:
2015 4021 2153 4071 uude
2205 4021 2538 4070 miseratione
2602 4021 2761 4085 magis

1696 4113 1848 4163 quam
1871 4098 2270 4161 reprehensione
2296 4097 2477 4161 dignus
2497 4095 2724 4146 videtur.

1762 4175 1922 4225 Febris
1950 4176 2148 4226 iacrsuss
2184 4173 2389 4238 opimam
2401 4173 2607 4239 pingue]
2648 4176 2766 4223 Ter·

1696 4251 1898 4304 tullian.
1929 4252 2023 4302 lib.
2057 4250 2124 4301 de
2161 4249 2352 4301 Anima
2391 4265 2439 4302 c.
2464 4255 2548 4301 20.
2588 4253 2604 4280 ‘
2631 4250 2758 4316 Opi-
