3050 4913
1062 922 1656 1013 SATIRA
1736 925 1823 1012 Ι.

1167 1314 1713 1368 ARGUMENTUM.

404 1473 775 1524 Anam-noum
799 1473 1044 1525 nobilium
1069 1476 1120 1525 in
1148 1475 1458 1525 carminibus
1496 1477 1780 1527 condendis
1819 1480 2120 1544 vanitatem,
2144 1497 2247 1548 qua
2278 1483 2448 1534 omnia
2477 1484 2543 1535 ad

337 1556 757 1619 ostentationem,
785 1557 1025 1619 neglecto
1062 1558 1192 1620 veri,
1213 1558 1411 1606 honesti
1450 1562 1508 1607 et
1541 1558 1891 1623 simplicitatis
1930 1562 2121 1626 studio,
2160 1570 2546 1629 comparentur,

338 1650 522 1685 severe
557 1637 981 1699 reprehensorum
1020 1636 1228 1701 poetam
1266 1639 1462 1688 amicus
1491 1639 1699 1704 quidam
1733 1643 2100 1705 superveniens
2121 1658 2153 1692 a
2180 1645 2447 1709 proposito
2466 1644 2545 1694 di-

338 1726 548 1766 movere
569 1723 802 1781 conatur,
823 1725 880 1767 et
901 1732 1135 1767 sermone
1169 1732 1325 1781 super
1360 1719 1492 1768 lianc
1532 1733 1641 1769 rem
1675 1719 1915 1771 instituto
1948 1722 2148 1773 initium
2185 1723 2335 1789 hujus
2366 1726 2544 1776 satirae

339 1798 660 1848 continetur.
730 1797 877 1847 Ordo
913 1799 1286 1848 sententiarum
1319 1799 1404 1847 hic
1427 1805 1539 1848 est:
1575 1798 1803 1863 Operam
1837 1801 1971 1851 ludis
2012 1802 2305 1868 scribendo,
2345 1807 2545 1871 scripta

339 1879 476 1927 euim
501 1884 593 1928 tua
616 1893 766 1928 nemo
785 1877 1152 1943 legen—Quid
1175 1878 1271 1927 hoc
1290 1878 1356 1927 ad
1378 1879 1496 1927 me?
1529 1879 1674 1944 quasi
1695 1894 1819 1930 vero
1854 1895 2028 1931 curem
2062 1897 2278 1946 pravum
2309 1900 2542 1937 meorum

339 1959 529 2008 civium
542 1959 818 2023 judicium,
851 1972 1065 2024 quorum
1096 1972 1264 2007 mores
1305 1957 1511 2008 omnino
1546 1973 1756 2022 gravem
1790 1975 2060 2011 censuram
2093 1966 2544 2017 merentum—Sed

342 2040 486 2104 heus,
509 2040 622 2105 quis
645 2047 697 2090 te
721 2055 985 2091 censorem
1008 2038 1208 2090 creavit
1224 2038 1572 2089 i—Gravitati
1609 2046 1664 2090 et
1701 2042 1966 2092 severitati
1996 2044 2166 2094 aetatis
2199 2060 2328 2095 meae
2361 2061 2545 2098 munus

343 2121 438 2170 hoc
461 2121 914 2172 convenit.—-Non
947 2120 1277 2170 mandabitur
1312 2118 1428 2183 tibi,
1449 2120 2085 2186 inquam—Nihilominus
2107 2131 2278 2177 tamen
2310 2129 2392 2178 vel
2414 2129 2544 2179 invi-

342 2202 407 2251 tis
446 2202 701 2263 omnibus,
740 2210 927 2250 natura
963 2203 1046 2252 vel
1074 2201 1292 2252 invitum
1331 2201 1647 2268 impellente,
1674 2203 2004 2255 scribendum
2036 2207 2161 2257 mihi
2199 2192 2295 2258 est.
2349 2224 2425 2258 vs.
2462 2214 2543 2261 12.

339 2282 458 2334 Jam
482 2283 645 2347 ipsius
668 2282 955 2346 argumenti
978 2282 1228 2333 tractatio
1250 2282 1455 2347 incipit,
1477 2299 1593 2349 quae
1614 2291 1693 2334 est
1716 2299 1783 2335 ex
1805 2285 2092 2338 dramatico
2115 2303 2320 2353 genere.
2386 2290 2545 2340 Indu·

338 2364 475 2414 citur
506 2364 643 2413 enim
666 2363 870 2429 aliquis,
902 2364 990 2428 qui
1032 2371 1397 2428 praeposteram
1436 2372 1492 2414 et
1531 2366 1873 2429 importunam
1908 2367 2042 2417 illius
2075 2369 2247 2418 aetatis
2281 2371 2544 2420 scribendi

336 2443 660 2509 pruriginem
672 2442 1291 2496 defendam—Scribimus
1311 2445 1862 2506 sublimia.-Scilicet,
1883 2448 2183 2513 interpellat
2199 2465 2315 2500 eum
2335 2450 2547 2515 Noster,

342 2533 399 2574 ut
419 2525 630 2588 habeas,
645 2525 780 2589 quod
802 2525 992 2575 recites
1009 2539 1182 2575 coram
1199 2525 1489 2575 hominibus
1501 2526 1689 2590 judicii
1709 2529 2105 2592 corruptissimi,
2123 2530 2309 2594 quibus
2331 2530 2544 2593 probari

339 2607 675 2655 veho-enter
694 2605 860 2669 cupis.
909 2620 982 2655 vs.
1002 2605 1290 2657 28.-Qnid
1331 2606 1556 2671 alioquin
1582 2606 1737 2670 juvat
1771 2622 1968 2658 summo
1989 2623 2104 2658 cum
2136 2609 2312 2659 labore
2350 2610 2543 2675 aliquid

337 2686 619 2737 didicisse?
651 2701 724 2737 vs.
744 2686 1059 2739 ‘aa—Quasi
1080 2700 1205 2736 vero
1229 2686 1463 2735 scientiae
1498 2685 1695 2737 functus
1737 2688 1964 2751 pendeat
1998 2688 2161 2738 omnis
2198 2689 2264 2739 ab
2284 2689 2544 2740 hominurn

338 2767 742 2829 existimatione,
764 2767 989 2832 nihilque
1006 2767 1058 2816 in
1076 2782 1133 2817 se
1157 2766 1314 2830 pretii
1335 2767 1546 2817 habeat.
1590 2783 1665 2818 vs.
1687 2768 1959 2819 27.--Aiu’
1984 2770 2075 2818 tu?
2111 2769 2254 2833 parvi
2278 2770 2460 2834 pendis
2488 2770 2543 2820 in

337 2860 429 2898 ore
442 2847 703 2897 hominum
726 2861 862 2910 esse,
898 2847 949 2896 in
983 2847 1168 2896 scholis
1207 2847 1443 2909 tractari,
1473 2846 1611 2897 inter
1644 2850 1830 2912 pocula
1869 2849 2189 2915 frequentari
2228 2865 2289 2900 ac
2329 2851 2545 2916 laudari,

337 2928 519 2978 beatus
542 2934 664 2991 post
685 2934 904 2978 mortem
925 2942 989 2977 eo
1013 2927 1251 2978 futurus?
1283 2927 1421 2980 Quid
1445 2928 1618 2978 rides?
1650 2944 1716 2978 an
1740 2931 1857 2988 crit,
1881 2931 1968 2995 qui
1982 2930 2361 2981 immortalitati
2383 2932 2545 2982 inser-

335 3008 449 3058 vire
472 3009 708 3059 recuset?
739 3024 814 3059 vs.
836 3009 1165 3059 :ta—Sentio
1187 3009 1442 3073 equidem,
1465 3009 1587 3074 quid
1610 3011 1679 3059 sit
1702 3011 1888 3060 merito
1910 3011 2144 3073 laudari;
2176 3026 2355 3061 verum
2377 3013 2545 3063 accla-

336 3089 593 3140 mationes
612 3090 768 3140 istas:
807 3087 982 3152 Euge!
1014 3096 1069 3139 et
1089 3089 1267 3139 Belle!
1286 3104 1405 3140 cum
1426 3089 1831 3142 futilissimorum
1853 3098 1909 3142 et
1940 3091 2300 3142 vilissimorum
2322 3094 2542 3157 scripto-

335 3185 468 3233 rum,
488 3177 548 3220 ut
571 3185 708 3220 nunc
731 3177 832 3233 est,
862 3171 1076 3234 praemia
1096 3171 1219 3233 sint,
1256 3171 1425 3220 nullus
1462 3186 1604 3221 curo.
1660 3187 1734 3223 vs.
1756 3177 1840 3222 58.
1906 3173 2065 3236 Quid,
2105 3174 2240 3239 quod
2282 3175 2543 3226 auditores

336 3264 560 3316 quoque,
599 3250 749 3299 variis
788 3251 982 3300 artibus
1022 3251 1274 3314 corrupti,
1299 3250 1621 3301 velificantur
1657 3252 1863 3317 quidem
1902 3255 2226 3304 recitantium
2263 3256 2490 3318 auribus,
2512 3270 2546 3308 a

337 3339 488 3395 tergo
510 3338 684 3381 autem
708 3331 897 3382 rident.
946 3346 1023 3380 vs.
1045 3336 1128 3381 62.
1193 3329 1308 3394 Age
1325 3330 1458 3393 jam,
1486 3331 1770 3396 videamus,
1801 3334 1949 3396 quale
1972 3334 2042 3383 sit
2067 3335 2541 3399 populijudicium!

335 3412 518 3461 molles
543 3419 597 3461 et
621 3411 871 3462 infractos
893 3411 1110 3476 requirit
1132 3426 1329 3476 versus,
1347 3427 1621 3478 rerumque
1646 3419 1916 3463 tumorem.
1950 3429 2026 3463 vs.
2050 3419 2132 3465 682
2200 3415 2360 3479 Cujus
2384 3414 2475 3477 rei,
2499 3413 2543 3463 si

335 3507 518 3542 verum
543 3494 775 3543 volumus
799 3493 969 3555 fateri,
990 3493 1165 3543 insana
1192 3493 1293 3542 ista
1328 3507 1607 3557 puerorum
1632 3494 1684 3542 in
1708 3495 1891 3543 scholis
1917 3494 2260 3557 institutione,
2281 3495 2545 3560 stultaque

333 3572 663 3638 antiquitatis
687 3574 997 3623 verecundia
1017 3580 1251 3624 auctores
1275 3575 1372 3638 ipsi
1393 3590 1582 3624 sumus.
1638 3590 1710 3623 vs.
1735 3579 1816 3624 78.
1886 3574 2024 3624 Hinc
2060 3575 2305 3624 sermonis
2334 3588 2544 3639 corrup-

334 3654 442 3702 tela
464 3653 754 3716 repetenda
775 3660 875 3716 est,
896 3669 1011 3719 quae
1036 3653 1168 3703 adeo
1191 3654 1241 3703 in
1265 3654 1467 3705 deliciis
1500 3654 1742 3718 habetur,
1783 3661 1842 3704 ut
1885 3656 1967 3704 vel
2007 3656 2180 3718 capite
2215 3654 2543 3721 fortunisque

333 3733 573 3784 omnibus
597 3734 673 3783 rei
696 3734 947 3798 neglectis
972 3735 1150 3799 populi
1176 3735 1406 3797 plausum
1445 3734 1652 3798 patroni
1673 3734 1794 3784 inde
1829 3735 2014 3785 mereri
2038 3734 2300 3786 studeant.
2355 3751 2432 3787 vs.
2456 3742 2542 3788 91.

330 3813 476 3864 -At
495 3814 607 3863 soni
633 3820 805 3865 tamen
832 3822 887 3864 et
923 3815 1285 3866 concinnitatis
1320 3816 1451 3866 ratio
1474 3814 1712 3865 habenda
1734 3821 1834 3876 est,
1856 3830 2009 3881 quam
2043 3817 2235 3880 priores
2261 3818 2431 3881 poetae
2453 3831 2545 3869 ne-

333 3896 632 3958 glexerunt.
649 3910 726 3945 vs.
746 3895 1015 3946 92.—Hoc
1037 3897 1203 3946 allatis
1225 3897 1473 3961 exemplis
1495 3896 1695 3946 ridetur
1713 3911 1786 3946 vs.
1814 3901 1928 3948 106.
1994 3896 2109 3949 Quo
2129 3896 2274 3947 facto
2286 3897 2545 3962 judicium

334 3989 483 4025 snum
500 3975 568 4025 de
593 3981 706 4026 toto
726 3977 819 4025 illo
842 3991 1033 4041 genere
1055 3978 1250 4028 Noster
1273 3978 1418 4028 brevi
1455 3978 1736 4044 subjungit.
1783 3977 2013 4028 Tandem
2045 3976 2390 4038 adversarius,
2424 3994 2543 4029 cum

333 4054 462 4105 nihil
484 4061 762 4119 praeterea,
783 4071 886 4120 quo
924 4070 1133 4106 causam
1174 4072 1317 4107 suam
1355 4063 1634 4116 sustentet,
1662 4056 1885 4118 habeat,
1920 4072 2013 4107 cur
2051 4058 2148 4108 tibi
2185 4058 2316 4122 ipse,
2355 4058 2542 4121 inquit,

335 4134 494 4185 nimio
529 4136 643 4185 veri
682 4134 854 4186 studio
890 4149 1045 4186 noces
1059 4136 1409 4190 ?—Quantum
1449 4136 1516 4187 ad
1547 4152 1649 4202 me,
1687 4137 1968 4202 respondet
2004 4138 2056 4189 N
2060 4145 2201 4189 oster
2234 4137 2542 4199 similanter,

332 4215 510 4266 omnia
527 4215 644 4266 haec
666 4215 917 4280 preclara
937 4216 1062 4281 siut,
1083 4215 1322 4283 equidem
1342 4217 1522 4268 ulcera
1541 4216 1655 4269 inec
1672 4230 1775 4268 non
1799 4223 2026 4282 tangam.
2080 4217 2379 4280 Enimvero,
2398 4214 2542 4280 quod
