3050 4913
496 358 642 449 ,116

1285 369 1357 422 A.
1402 369 1653 421 Pnnsu
1702 368 1966 421 FLAoot

510 518 633 598 Ut,
664 522 987 605 quantum
1009 513 1175 582 mihi
1200 519 1265 581 te
1287 516 1559 583 sinuoso
1587 517 1657 582 in
1679 522 1948 601 pectore
1975 514 2122 595 fixi,

507 622 706 691 Voce
730 624 983 688 traham
1010 641 1202 707 pura,
1229 626 1569 708 totumque
1597 621 1728 687 hoc
1756 624 1964 688 verba
1992 622 2354 704 resignent,

510 719 719 806 Quod
747 727 909 791 latet
937 744 1185 789 arcana
1209 744 1342 788 non
1373 725 1737 789 enarrabile
1757 724 1947 790 fibra.

597 825 771 892 Cum
799 829 1082 910 primum
1111 825 1360 910 pavido
1389 832 1619 892 custos
1649 827 1807 890 mihi
1838 845 2130 911 purpura
2157 827 2380 904 coesit,

2621 824 2728 923 „³⁰

511 929 841 1013 Bullaque
859 930 1241 1005 succinctis=
1252 926 1775 1011 laribus‘donata
1802 927 2122 1011 pependit
2137 948 2156 1009 ;

505 1139 657 1188 audeo
674 1142 897 1201 exoptare
915 1143 1099 1187 centron
1116 1152 1266 1201 voces,
1283 1142 1337 1187 ut
1357 1138 1514 1187 verbis
1531 1138 1727 1187 sinceris
1758 1152 2049 1201 aprorum,
2084 1150 2223 1199 quos·
2241 1134 2348 1183 alte
2369 1128 2516 1198 infixi
2535 1137 2585 1182 te
2607 1133 2724 1185 nilus

508 1268 621 1331 diis,
639 1282 928 1332 quanquam
950 1268 1035 1316 vix
1056 1268 1291 1330 explicari
1316 1273 1487 1331 potest.
1555 1267 1739 1316 Statim
1746 1272 1901 1343 ‘atque
1922 1267 2102 1341 deponit

398 1231 411 1244 ·
506 1203 751 1252 in‘t'ntimo
764 1204 929 1260 corda·
961 1207 1010 1252 et
1031 1218 1182 1251 semo
1201 1204 1386 1266 aperiat
1407 1204 1528 1252 illua
1544 1217 1678 1251 omne
1696 1204 1819 1266 quod
1846 1204 2148 1251 reconditum
2159 1205 2227 1249 est
2247 1200 2301 1248 ἰιι
2319 1199 2511 1248 secretis
2513 1206 2725 1275 praeor-

2102 1281 2153 1313 a·
2166 1271 2382 1314 estam
2415 1264 2721 1338 timidone:

506 1336 643 1382 tata
657 1334 914 1396 servatrix,
937 1336 983 1382 et
1003 1347 1207 1396 uppem
1228 1338 1299 1381 est
1321 1334 1446 1381 ballo
1479 1335 1596 1381 dato
1612 1332 1881 1396 precinctu
1904 1331 2023 1381 Diis
2047 1329 2345 1388 domniciu-
2394 1330 2575 1392 quaudo
2608 1327 2720 1376 socii

1446 1479 1503 1497 00
1505 1478 1622 1498 0000
1627 1479 1740 1498 ‘N‘
1745 1479 1802 1499 ‘O

444 1636 469 1647 „
511 1575 755 1642 positum,
775 1581 837 1627 nt
855 1589 993 1640 soepe
1019 1576 1154 1641 apud
1181 1577 1382 1641 poetas,
1417 1577 1817 1628 Canachum—28
1848 1583 2088 1642 tecumque
2109 1578 2211 1628 Ma.
2236 1578 2356 1629 Gal.

1504 1706 1725 1758 NOTAE

506 1803 671 1871 magis
690 1820 751 1855 ac
770 1806 933 1871 magis
954 1806 1294 1871 probandum.
1330 1806 1447 1858 Quo
1464 1806 1577 1871 qui-

509 1881 692 1931 demin
708 1883 900 1945 studio,
919 1883 1054 1946 quod
1071 1883 1270 1931 Tullius
1286 1882 1452 1946 Epist.
1473 1897 1512 1931 1.
1527 1887 1575 1931 l.

511 1958 735 2008 Lentulo
758 1956 1038 2020 scribebat,
1062 1957 1114 2006 id
1138 1957 1344 2006 videtur
1366 1958 1576 2007 Persius

508 2034 745 2084 indicare
768 2034 920 2098 velle,
936 2034 1193 2095 nimirum,
1218 2036 1233 2062 ‘
1250 2034 1387 2083 omni
1404 2031 1576 2083 officio

508 2125 569 2161 ac
594 2111 765 2175 potius
786 2111 984 2174 pietate
1019 2125 1142 2174 erga
1165 2111 1448 2160 Cornutum
1474 2111 1576 2161 etsi

507 2188 621 2236 aliis
667 2185 991 2236 satisfaceret
1025 2187 1277 2248 omnibus,
1314 2192 1370 2236 at
1404 2187 1576 2250 ipsum

508 2264 605 2315 sibi
629 2278 885 2329 nunquam
907 2262 1249 2314 satisfacere.

575 2346 638 2391 27
680 2342 747 2391 Ue
768 2346 990 2404 quantum
1020 2342 1139 2389 mihi
1163 2347 1229 2403 te,
1259 2342 1364 2405 lm]
1415 2343 1577 2407 Egre-

507 2422 643 2495 giam
663 2420 877 2471 adverte
900 2420 1083 2486 prioris
1118 2422 1391 2472 seutentiae
1416 2436 1577 2486 expo-

480 2515 483 2518 ·
504 2500 757 2549 litionem.

574 2575 813 2626 Siuaoso
796 2592 847 2625 m
880 2580 1068 2640 pectore
1088 2575 1217 2640 fixi]
1266 2574 1331 2625 In
1362 2576 1577 2626 latebris

507 2652 664 2703 animi
693 2652 1115 2703 reconditissimis
1154 2653 1286 2703 adeo
1324 2661 1374 2702 te
1414 2654 1577 2718 infixi,

508 2738 566 2782 ut
591 2737 732 2782 totus
756 2732 808 2781 in
831 2747 914 2780 me
937 2731 1026 2793 sis,
1049 2737 1103 2778 et
1125 2737 1265 2780 totus
1286 2731 1380 2779 sim
1405 2737 1542 2782 tuus.

570 2813 636 2858 28
677 2807 830 2857 Verba
871 2806 1137 2869 resignant]
1206 2808 1385 2870 Rupto
1430 2809 1577 2859 velut

507 2884 676 2947 sigillo
718 2883 962 2945 revelem,
1022 2897 1229 2936 carmen
1279 2890 1334 2932 et
1379 2885 1573 2949 scripta

510 2961 683 3024 palam
727 2958 995 3022 proferant
1053 2972 1278 3008 amorem
1333 2974 1457 3022 erga
1518 2967 1573 3011 te

506 3051 698 3098 meum,
715 3036 901 3085 merita
923 3036 974 3084 in
998 3050 1079 3085 me
1103 3043 1226 3096 tua;
1262 3051 1375 3101 quae
1401 3045 1573 3086 tamen

474 3139 481 3145 -
506 3114 610 3163 duo
629 3120 774 3163 certe
789 3111 1012 3162 maxima
1024 3112 1160 3164 baud
1181 3112 1306 3162 satis
1329 3113 1576 3163 exhibeat

505 3197 731 3242 centena
748 3189 908 3238 etiam
930 3204 1049 3238 vox.

570 3270 636 3319 2⁰
671 3265 844 3328 Fibra]
879 3266 1084 3315 Fibram
1115 3267 1245 3329 poni
1262 3282 1358 3331 pro
1380 3267 1573 3318 intimis

505 3343 762 3394 viscerum
786 3351 842 3396 et
862 3343 1036 3393 cordis
1074 3344 1297 3396 maxime
1322 3345 1576 3446 partibus,

506 3419 614 3470 dixi
637 3420 747 3469 Sat.
773 3433 812 3470 ι.

571 3501 634 3545 80
673 3497 793 3545 Cum
810 3497 1019 3560 primum
1044 3497 1235 3560 pavido,
1272 3497 1378 3561 θα]
1435 3497 1576 3549 Hac·

505 3579 658 3622 tenus
695 3573 995 3636 prooemium
1019 3588 1079 3622 ac
1102 3573 1331 3637 prolusio
1353 3573 1574 3624 duntax-

506 3658 593 3700 at:
630 3650 875 3715 deinceps
905 3658 1079 3701 autem
1102 3659 1342 3701 recenset
1364 3652 1573 3702 Persius

506 3725 631 3791 quid
674 3734 731 3775 et
784 3734 1028 3791 quantum
1088 3726 1278 3777 debeat
1340 3728 1575 3777 Cornuto

507 3802 834 3865 Praeceptori
878 3817 969 3866 pro
1008 3802 1190 3853 sedula
1221 3804 1331 3868 ejus
1367 3804 1574 3854 institu-

506 3876 665 3928 tione.

573 3950 782 4013 Pavido]
833 3952 893 4000 Id
917 3961 1016 4016 est,
1047 3954 1364 4019 pudibundo,
1393 3958 1476 4006 vel
1512 3956 1577 4005 ti-

507 4028 671 4080 menti
704 4027 1027 4079 imminentes
1049 4030 1416 4084 adolesceutiae
1439 4031 1572 4083 diffi-

509 4104 751 4166 cultates,
773 4111 829 4152 et
868 4105 1071 4155 virtutis
1097 4108 1150 4156 in
1185 4123 1250 4160 ea
1285 4115 1443 4158 atate
1478 4110 1570 4159 im·

510 4181 826 4249 pedimentis.

578 4260 745 4313 Custos
765 4259 1001 4326 purpura]
1055 4260 1120 4310 Id
1164 4267 1262 4328 est,
1306 4267 1444 4327 toga,
1487 4263 1572 4316 cui

1658 1811 1921 1868 praetexta
1942 1811 2055 1854 erat
2090 1818 2336 1869 purpura,
2374 1810 2435 1853 nt
2464 1804 2626 1869 (quod
2650 1804 2722 1854 ait

1657 1882 1985 1943 Macrobius)
2014 1885 2030 1910 ‘
2055 1896 2121 1932 ex
2155 1883 2268 1947 ejus
2302 1882 2491 1932 rubore
2514 1883 2723 1945 iugenu-

1655 1956 1798 2005 itatis
1822 1958 2019 2022 pudore
2043 1963 2346 2022 tegerentur
2369 1959 2552 2021 pueri.'
2588 1958 2723 2006 Hinc

1658 2048 1689 2081 a
1710 2034 1895 2084 Persio
1917 2043 2134 2085 vocatur
2154 2040 2324 2097 ustos,
2363 2035 2564 2084 scilicet
2585 2035 2726 2085 inno·

1657 2111 1843 2161 centiae
1876 2112 1942 2161 ob
1985 2114 2210 2162 colorem
2253 2126 2592 2176 purpureum,
2637 2112 2725 2177 qui

1657 2189 1949 2252 symbolum
1983 2197 2063 2240 est
2098 2190 2326 2255 pudoris.
2393 2188 2548 2240 Adde
2583 2188 2723 2255 quod

1658 2273 1919 2330 praetexta
1942 2266 2104 2316 veluti
2125 2281 2297 2317 sacros
2333 2263 2479 2330 facit,
2517 2282 2645 2330 quos
2671 2275 2728 2318 et

1656 2342 1853 2393 violare
1877 2345 1945 2393 sit
1963 2342 2128 2393 nefas.
2193 2344 2347 2393 Unde
2380 2344 2514 2394 Plin.
2542 2358 2621 2394 lx.
2644 2348 2727 2395 ³6.

1658 2419 1732 2470 ait
1755 2435 2034 2485 purpuram
2068 2423 2082 2448 ‘
2104 2421 2342 2485 pueritiae
2366 2436 2479 2471 esse
2503 2436 2599 2486 pro
2619 2436 2725 2472 ma·

1650 2497 1886 2560 jestate,'
1930 2498 1984 2547 id
2029 2506 2131 2561 est,
2162 2498 2458 2549 sanctitate.
2525 2500 2597 2548 Et
2630 2499 2724 2548 Fa·

1658 2572 1773 2622 bius
1799 2576 2092 2624 Declamat.
2125 2574 2218 2636 ait,
2253 2578 2268 2602 ‘
2294 2578 2556 2637 praetexta
2589 2574 2725 2625 infit·

1655 2651 1894 2700 mitatem
1927 2649 2168 2715 pueritiae
2193 2664 2391 2700 sacram
2414 2649 2530 2699 fieri
2554 2656 2611 2701 et
2629 2665 2726 2700 ,ve-

1655 2728 1960 2789 nerabilem‚
1995 2742 2097 2777 non
2132 2741 2280 2776 secus
2318 2742 2380 2776 ac
2412 2728 2725 2778 Sacerdotes

1654 2803 1883 2852 vestibus
1929 2803 2070 2854 suis.'
2155 2803 2255 2852 Vel
2305 2808 2459 2853 custos
2499 2811 2726 2854 vocatur

1653 2884 1929 2942 praetexta,
1972 2878 2092 2943 quia
2158 2884 2390 2943 tempore
2419 2879 2727 2943 ,pubertatis

1654 2955 1802 3019 pueri
1826 2961 1946 3004 sunt
1966 2955 2060 3004 sub
2084 2955 2248 3004 tutela
2284 2956 2514 3019 alterius,
2536 2971 2725 3021 nempe

1655 3030 1898 3081 Custodia
1940 3045 2032 3080 seu
2076 3031 2379 3118 Pmdagogi.
2459 3033 2647 3083 Horat.
2672 3035 2724 3084 in

1651 3103 2353 3171 Arte,‘1mberbisJuvenis
2378 3108 2588 3159 tandem
2614 3125 2723 3160 cus-

1655 3182 1779 3232 tode
1803 3184 2040 3232 remoto!

1722 3262 1901 3327 Gessit]
1953 3263 2083 3312 Cum
2122 3263 2233 3326 jam
2275 3267 2536 3326 praetexta
2575 3225 2722 3316 dedit

1652 3342 2042 3406 concessitque
2036 3342 2222 3391 locum
2259 3348 2396 3406 togae
2430 3342 2586 3406 virili,
2593 3358 2722 3407 quae

1655 3418 1958 3468 sumebatur
1975 3426 2094 3483 post
2111 3418 2460 3483 pubertatem,
2478 3434 2571 3469 seu
2589 3434 2722 3470 anno

1657 3496 1829 3546 aetatis
1851 3496 2056 3546 decimo
2079 3502 2248 3546 sexto.
2525 3519 2526 3522 ¹

1720 3578 1780 3623 81
1817 3574 2078 3640 Battoque]
2129 3575 2268 3624 Hinc
2292 3574 2460 3624 Persii
2485 3530 2721 3625 nobilita·

1654 3660 1760 3703 tem
1777 3654 1923 3718 argui
1948 3653 2208 3704 diximus
2195 3668 2247 3702 in
2272 3653 2519 3718 prologo,
2540 3663 2721 3708 contra

1654 3731 1944 3779 nonnullos.
2030 3729 2286 3780 Nimirum
2334 3731 2484 3794 pueri
2522 3731 2719 3781 nobiles

1654 3812 1774 3855 ante
1821 3813 2006 3869 pectus
2050 3820 2257 3855 auream
2314 3805 2506 3856 bullam
2552 3807 2719 3856 cordis

1654 3881 1821 3947 effigie
1879 3883 2159 3946 gestabant
2203 3882 2348 3932 *collo
2402 3896 2714 3946 appensam:

1651 3958 1667 3985 ‘
1689 3960 1856 4011 Quam
1879 3957 2235 4023 inspicientes'
2271 3958 2462 4023 (inquit
2483 3959 2718 4009 Macrob.

1652 4034 1912 4085 Saturnai.
1937 4050 1975 4085 ι.
1999 4034 2075 4097 6.)
2101 4036 2116 4062 ‘
2141 4036 2217 4084 ita
2236 4033 2442 4083 demum
2471 4048 2528 4083 se
2563 4035 2717 4083 bomi-

1651 4126 1744 4160 nes
1770 4113 2079 4176 cogitarent,
2105 4113 2146 4160 si
2179 4111 2336 4160 corde
2366 4109 2715 4174 praestarent.'

1651 4187 1774 4238 Juv.
1823 4187 1937 4237 Sat.
1988 4201 2040 4240 v.
2096 4186 2161 4235 ad
2223 4186 2396 4250 finem,
2460 4188 2713 4239 Etr-uem

1650 4278 1821 4316 aarum
1843 4269 2014 4328 vocat,
2051 4263 2198 4328 quasi
2230 4264 2296 4313 ab
2333 4263 2569 4316 Etruscis
2599 4278 2712 4331 pro·
