3050 4913
538 376 716 451 1266
1152 454 1155 457 ,
1265 392 1652 448 nnossusus
1697 397 2034 463 comeum

538 553 612 604 x.
682 550 703 578 ‘
735 545 807 603 D.
836 536 893 602 J.
922 543 1057 603 Juv.
1090 541 1263 623 Expi.
1298 542 1431 602 Lib.
1463 557 1575 603 111.
1607 541 1734 603 [nc.
1766 545 1879 603 ιν)
1961 540 2184 603 Eadem
2214 560 2422 604 manus
2448 552 2789 621 &sextum

534 647 736 721 poetae
783 639 1036 718 scripsit,
1081 648 1142 699 et
1185 638 1429 711 scholia,
1459 658 1652 718 eaque
1680 639 1946 699 breviora
1974 638 2126 700 inter
2151 638 2354 711 lineas,
2384 640 2658 704 uberiora
2683 648 2770 705 ad

535 738 880 817 marginem,
912 757 1049 815 quae
1076 737 1424 816 pierumque
1452 736 1713 815 vulgaria
1753 745 1886 798 sunt
1923 746 1983 796 et
2021 756 2225 814 parum
2258 737 2440 810 utilia,
2470 738 2566 798 vel
2590 740 2772 800 scho-

535 836 901 915 iasticornm
921 853 1167 893 acumen
1210 832 1470 912 sapiunt,
1521 853 1580 893 v.
1629 852 1687 893 c.
1732 831 1808 891 ad
1840 833 1961 891 Sat.
1995 850 2040 892 1.
2076 841 2170 891 11.
2257 833 2590 895 ‘Monicroe
2618 856 2774 896 unus

534 934 968 994 Centaurorum
1017 929 1150 1002 fuit,
1200 930 1285 989 sic
1337 928 1535 989 dictus
1578 927 1749 1007 quasi
1798 947 2022 1000 monos,
2069 929 2297 1001 unicus,
2340 949 2490 1016 mnus
2533 932 2775 1011 unguis,

538 1028 703 1108 quod
738 1049 910 1089 unam
940 1036 1167 1088 tantum
1194 1027 1487 1107 ungulam
1501 1026 1744 1087 habuit!
1770 1026 1847 1086 ad
1883 1032 2058 1087 1.15.
2147 1026 2435 1087 ‘Ferulae
2465 1048 2600 1088 usus
2627 1028 2776 1091 ideo
2897 1034 2900 1037 ’

536 1135 600 1197 et
628 1126 683 1185 in
704 1124 912 1185 studiis
938 1124 1280 1195 attributus,
1312 1122 1476 1202 quod
1520 1121 1753 1183 ferula
1737 1142 1907 1201 ignea
1933 1131 2026 1184 est
2060 1119 2121 1183 e't
2147 1122 2424 1198 secunda,
2461 1134 2521 1185 et
2550 1125 2777 1188 Libero

539 1222 699 1301 patri
727 1221 940 1294 dicata,
971 1220 1074 1300 qui
1114 1230 1345 1283 amator
1390 1228 1483 1281 est
1529 1220 1847 1291 literarum,
1877 1220 2054 1297 cnjus
2095 1240 2273 1280 sucus
2301 1222 2490 1298 tapsia
2519 1220 2772 1291 diciturz

537 1329 603 1380 et
630 1318 769 1402 quia
797 1320 975 1397 plaga
1001 1317 1130 1395 ejus
1166 1318 1297 1394 plus
1329 1316 1546 1388 adurit,
1587 1335 1763 1395 quam
1792 1315 1974 1387 dolet,
2016 1326 2076 1376 et
2112 1312 2292 1395 'ignea
2314 1315 2564 1378 dicimus
2591 1328 2776 1379 acuta

542 1415 774 1496 ingenia
799 1435 814 1476 ε
844 1424 918 1475 ut
944 1434 1084 1493 ergo
1113 1413 1440 1494 discipulos
1472 1434 1611 1475 suos
1633 1412 1710 1473 ad
1741 1411 2025 1473 fervorem
2057 1413 2234 1473 studii
2263 1414 2525 1485 incitent,
2553 1424 2616 1475 et
2637 1434 2779 1493 per-

544 1533 750 1576 cussos
791 1511 986 1573 minus
1032 1510 1277 1595 laedant,
1301 1510 1500 1575 ferulis
1544 1512 1823 1570 utuntur!
1903 1509 2023 1577 Qui
2067 1518 2258 1569 tamen
2284 1509 2408 1570 otio
2436 1510 2775 1585 abundant,

541 1631 644 1675 eos
675 1630 789 1670 non
818 1610 992 1687 piane
1020 1607 1356 1689 poenitebit,
1386 1608 1517 1667 haec
1546 1607 1770 1667 scholia
1797 1606 2140 1667 excussisse.
2309 1665 2321 1673 ,

631 1717 725 1773 18.
771 1705 1089 1767 Gudianus
1113 1703 1420 1776 secundus,
1464 1704 1613 1780 (No.
1662 1706 1822 1776 119.)
1863 1702 2132 1779 ejusdem
2170 1702 2397 1774 formae,
2429 1702 2532 1765 sed
2561 1724 2773 1766 recen·

546 1804 805 1868 tissimus
835 1812 1088 1882 quatuor
1114 1802 1350 1863 iliorum
1390 1800 1693 1873 codicum,
1721 1810 1779 1860 et
1810 1800 2073 1860 mutilus.
2157 1800 2386 1859 Desunt
2407 1801 2530 1861 Sat.
2561 1818 2775 1864 1—v1.

540 1900 690 1969 168.
778 1902 1784 1961 x11.125—-130.x111.1—-10.
1817 1904 2078 1958 23—40.
2105 1904 2405 1958 53-108.
2426 1898 2779 1971 226-249.

544 2015 691 2059 xlv,
729 2002 942 2056 ι--54.
972 1992 1236 2054 66-83.
1268 1989 1618 2054 268—xv1.
1648 1990 1750 2052 60.

632 2101 727 2161 19.
776 2089 1092 2152 Gudianus
1138 2091 1375 2162 tertius,
1424 2090 1571 2167 (No.
1617 2092 1784 2166 304.)
1829 2090 2032 2151 formae
2079 2100 2329 2161 octavae,
2381 2089 2578 2153 medio
2618 2090 2776 2152 forte

546 2194 698 2252 Saec.
728 2206 877 2253 xw.
908 2189 1176 2268 scriptus.
1259 2187 1576 2266 Inscriptio
1616 2188 1768 2265 ejus,
1811 2190 1993 2249 rninio
2036 2190 2217 2269 picta,
2246 2199 2373 2249 est.
2420 2188 2777 2253 ‘Juvenaiis

545 2286 863 2367 Aquinatis
910 2283 1061 2346 liber
1108 2282 1333 2365 primus
1368 2284 1639 2364 incipit.
1718 2285 1786 2345 In
1836 2284 1950 2349 tine
1999 2285 2242 2364 legitur:
2289 2289 2530 2358 ’τελωῃ
2574 2291 2776 2360 renos,

542 2391 737 2464 γελωτ,
768 2389 959 2456 rems,
993 2383 1108 2443 Hic
1136 2383 1171 2443 J
1177 2382 1434 2443 uvenalis
1462 2383 1643 2442 habet
1670 2383 2000 2464 completos
2026 2383 2287 2462 quinque
2313 2382 2590 2445 libellos.'

628 2493 731 2545 20.
778 2482 1095 2545 Gudianus
1122 2489 1395 2561 quartus,
1424 2483 1571 2560 (No.
1606 2484 1732 2556 53.)
1759 2481 1981 2552 sormae,
2030 2500 2167 2559 quae
2215 2482 2282 2539 in
2307 2480 2474 2558 solio
2503 2490 2778 2562 vocatur,

544 2580 653 2641 sed
682 2579 1028 2642 recentioris
1054 2598 1296 2659 quoque
1324 2579 1537 2653 aetatis,
1560 2598 1696 2639 cum
1742 2575 1982 2638 scholiis
2025 2577 2398 2649 brevissimis,
2429 2597 2566 2657 quae
2593 2580 2784 2639 versi-

541 2679 658 2759 bus
685 2675 1059 2755 interscripta
1086 2683 1244 2735 suut.
1324 2677 1489 2736 AEtas
1537 2674 1665 2752 ejus
1713 2694 1830 2734 una
1866 2694 2003 2734 cum
2043 2685 2486 2754 possessore-et
2529 2675 2780 2740 librario

544 2774 845 2834 indicatur
871 2772 1325 2850 subscriptione,
1358 2791 1494 2850 quae
1520 2770 1598 2831 ad
1619 2772 1836 2831 calcem
1864 2769 2000 2830 libri
2025 2770 2308 2849 reperitur
2325 2791 2344 2830 ε
2408 2779 2428 2807 ‘
2457 2773 2590 2834 Hoc
2615 2769 2780 2854 opus

549 2869 714 2933 Junii
753 2868 1054 2930 Juvenaiis
1106 2868 1346 2947 satyrici
1393 2868 1506 2930 fuit
1552 2868 1826 2948 Gregorii
1875 2870 1997 2928 not’
2044 2868 2121 2928 de
2154 2869 2460 2929 Clericatis
2502 2870 2580 2930 de
2621 2870 2780 2930 Viae

552 2965 714 3048 quod
766 2966 945 3026 scribi
975 2966 1118 3026 fecit
1160 2985 1266 3045 per
1307 2966 1614 3027 domiuum
1662 2966 1964 3026 Andream
2013 2968 2333 3027 Rectorem
2380 2967 2647 3028 ecclesiae
2695 2966 2781 3027 de

548 3083 812 3125 marano.
897 3065 968 3123 In
1010 3063 1320 3123 miliesimo
1366 3063 1777 3125 trecentesimo
1825 3063 2234 3141 octuagesimo
2264 3074 2476 3143 quarto
2503 3064 2780 3144 septimae

547 3160 932 3221 indictionis!
1015 3162 1272 3221 Schoiiis
1300 3182 1542 3241 quoque
1572 3162 1850 3240 subjecta
1875 3170 1965 3221 est
1995 3163 2125 3221 haec
2157 3171 2298 3220 nota
2321 3181 2357 3225 z.
2385 3170 2401 3194 ‘
2433 3160 2783 3238 Explicinnt

550 3257 828 3318 Glosulae
869 3258 1171 3318 Juvenalis
1200 3267 1500 3336 excerptae
1529 3259 1605 3318 de
1640 3267 1890 3336 cornuto
1920 3258 2145 3337 parisiis
2172 3259 2510 3337 regentibus
2538 3259 2782 3319 scholas

553 3354 642 3416 ibi
670 3355 760 3414 M.
788 3361 959 3433 petro
986 3355 1040 3415 1.
1064 3361 1126 3415 et
1154 3354 1501 3415 theodorico
1544 3363 1605 3414 et
1644 3355 1948 3434 guillelmo
1994 3355 2232 3424 κοπείς
2273 3366 2552 3434 regnante
2597 3355 2781 3416 ludo-

549 3453 685 3515 vico
712 3471 848 3531 rege
875 3449 1250 3511 francorum!
1332 3451 1621 3521 Quisnam
1665 3470 1802 3512 vero
1846 3454 1945 3513 ille
1999 3454 2300 3513 Cornutus
2339 3452 2535 3524 fuerit,
2579 3452 2784 3513 dicere

546 3569 670 3612 non
719 3550 945 3617 habe03
990 3549 1101 3608 nisi
1148 3548 1303 3608 forte
1358 3551 1689 3610 monachus
1738 3551 1832 3609 vel
1881 3550 2150 3609 librarius
2203 3569 2505 3628 perperam
2563 3550 2779 3611 harum

548 3648 875 3726 glossarum
905 3654 1207 3705 auctorem
1235 3646 1461 3706 oensuit
1481 3648 1550 3706 L.
1583 3649 1872 3707 Annaenm
1903 3648 2257 3718 Cornutum,
2288 3645 2553 3706 Stoicum
2581 3645 2788 3725 philo-

552 3745 811 3822 sophum
838 3752 900 3803 et
937 3744 1409 3823 grammaticum,
1441 3745 1626 3804 Persii
1673 3756 1736 3805 et
1779 3744 2000 3805 Lucani
2030 3751 2478 3825 praeceptorem,
2518 3743 2617 3803 cui
2654 3763 2782 3803 nou

552 3836 734 3898 modo
774 3840 1180 3900 commentarii
1228 3841 1287 3900 in
1334 3841 1561 3920 Virgilii
1601 3841 1924 3911 AEneidem‚
1976 3841 2079 3901 sed
2128 3860 2165 3900 a
2212 3841 2509 3901 nonnuliis
2536 3860 2785 3920 qnoque

548 3933 792 4008 ⁴Scholia
819 3935 879 3993 in
904 3936 1251 3997 Terentium
1274 3937 1660 4017 Persiumque
1688 3937 2044 3997 tribuuntur.

638 4038 737 4092 21.
786 4039 845 4089 et
884 4039 983 4112 22.
1030 4031 1534 4093 Schiinbornenses
1571 4054 1621 4093 s.
1671 4035 2073 4114 Gaybacenses
2126 4032 2271 4107 duo,
2323 4033 2783 4108 membranacei,

552 4126 757 4189 formae
785 4126 1058 4206 obiongae
1088 4137 1149 4187 et
1180 4127 1503 4206 quadratae,

554 4224 659 4305 qui
703 4223 979 4306 Gaybaci
1022 4224 1081 4283 in
1128 4233 1324 4285 tractu
1374 4225 1715 4287 Francouiae
1762 4226 2283 4307 Steigerwaldensi,
2327 4236 2387 4287 et
2431 4224 2672 4306 quidem
2716 4227 2784 4287 in

553 4321 917 4385 bibliotheca
940 4322 1240 4390 Illustris&
1274 4323 1522 4389 Comitis
1551 4324 1629 4387 de
1656 4325 2029 4404 Schijnborn,
2051 4324 2331 4388 codicum
2348 4325 2496 4386 Mss.
2528 4323 2697 4407 copia
2717 4335 2786 4385 et
