3050 4913
764 381 1119 446 MORIBUS‚
1168 383 1260 432 ΒΤ
1307 380 1710 436 SORfflBNDl
1759 385 2082 436 GENERE.
2471 378 2523 450 8

299 525 644 590 minarent.
734 524 953 591 Multa
977 527 1237 610 plebeia
1281 528 1345 592 ei
1385 528 1672 600 admista
1720 534 1899 608 eunt,
1941 530 2154 596 multa
2196 531 2523 610 adulandi

303 625 597 692 studium
627 627 925 708 invexit;
970 629 1182 712 major
1203 635 1419 695 tamen
1448 632 1842 714 corruptelae
1871 651 2030 715 pars
2056 637 2519 715 grammaticen

303 747 453 791 rum
481 734 550 793 et
575 730 911 794 rhetorum
958 731 1207 795 scholis
1249 732 1545 811 debetur,
1596 735 2063 819 communique
2102 736 2240 801 fere
2283 738 2513 820 furori,

305 849 444 914 quo
470 830 560 893 ad
588 850 823 894 versus
849 833 1360 900 conscribendos
1379 837 1580 917 vulgo
1606 838 2230 921 compellebantur,⁴
2271 844 2523 912 omnis-

306 949 440 1014 que
465 932 842 1015 eloquentia
866 941 935 999 et
956 935 1206 1018 poesie,
1259 958 1458 1020 quam
1489 958 1624 1003 non
1652 942 1722 1004 in
1747 946 1998 1005 naturae
2029 948 2098 1005 et
2122 944 2367 1025 ingenii
2396 943 2522 1010 do-

306 1033 507 1112 tibus,
538 1035 655 1098 sed
707 1037 777 1098 in
824 1037 1258 1101 observandis
1302 1040 1537 1103 artium
1579 1042 1936 1126 praeceptis
1965 1043 2254 1127 positam
2281 1045 2516 1112 existi-

305 1136 599 1214 mabant,
645 1138 715 1200 in
754 1139 1040 1221 pueriles
1070 1140 1588 1206 declamationes
1629 1145 1812 1223 abiit,
1856 1149 1923 1209 et
1950 1145 2021 1208 in
2044 1144 2356 1227 frigidum
2386 1153 2518 1213 tro-

306 1255 547 1319 porum
576 1244 641 1302 et
675 1241 1024 1322 figurarum
1069 1241 1584 1307 adhibendorum
1618 1244 1993 1312 artificium.
2078 1246 2124 1310 J
2127 1246 2349 1312 udicio
2377 1250 2521 1316 veri,

305 1345 374 1404 et
389 1341 651 1423 pulchri
673 1343 874 1406 semel
892 1349 1227 1426 corrupto,
1242 1346 1553 1426 placendi
1571 1363 1837 1431 quoque
1853 1350 2143 1415 studium
2163 1353 2517 1435 scriptores

306 1441 378 1503 in
405 1441 704 1506 fraudem
733 1445 969 1524 illexit,
988 1451 1059 1510 ut
1085 1466 1220 1510 non
1247 1449 1502 1529 optima
1529 1470 1814 1534 quaeque
1836 1459 2276 1535 sequerentur,
2293 1473 2516 1519 exem·

307 1544 555 1628 piaque
576 1553 868 1611 veterum
899 1549 1286 1631 scriptorum
1309 1550 1625 1615 imitanda
1653 1553 1783 1616 sibi
1804 1562 2266 1637 proponerent,
2290 1575 2519 1622 verum

305 1650 381 1710 ut
407 1665 493 1709 ea
520 1648 766 1711 chartis
792 1649 1134 1727 illinerent,
1159 1670 1310 1731 quae
1337 1651 1737 1716 multitudini
1764 1656 2208 1737 probarentur,
2231 1676 2519 1741 quaeque

307 1746 380 1810 in
408 1767 650 1832 magna
675 1749 1038 1833 frequentia
1081 1751 1459 1816 auditorum
1503 1755 1781 1820 recitata
1815 1757 2153 1820 maximas
2178 1757 2518 1823 exclamar-

309 1850 523 1914 tiones
570 1852 975 1936 plaususque
1033 1855 1415 1919 excitarent.
1506 1855 1748 1939 Neque
1803 1877 1958 1921 vero
2015 1859 2088 1935 ii,
2146 1859 2211 1922 in
2269 1859 2515 1942 quibus

311 1952 510 2016 altior
555 1954 829 2035 spiritus
878 1956 1108 2034 inerat,
1156 1958 1476 2022 immunes
1519 1967 1705 2024 erant
1745 1961 2008 2024 omnino
2036 1961 2122 2023 ab
2148 1961 2284 2026 illis
2310 1960 2518 2039 vitiis,

311 2072 466 2136 quae
496 2055 693 2140 hujus
721 2057 941 2121 aetafis
980 2064 1243 2138 essent;
1286 2059 1589 2144 plerique
1623 2060 1850 2144 vigore
1870 2067 1951 2144 ‘et
1976 2062 2046 2126 vi
2076 2060 2369 2130 destituti
2397 2060 2519 2130 ali-

1310 2294 1523 2344 NOTAE

373 2413 406 2458 ⁴1
441 2405 687 2458 Carmina
717 2406 974 2459 scribendi
1015 2406 1241 2458 studium
1281 2407 1376 2458 snb

311 2482 551 2549 Augusto
591 2485 915 2549 potissimum
949 2485 1088 2548 apud
1120 2486 1378 2534 Romanos

308 2559 389 2608 ita
409 2559 690 2621 increbuit,
717 2567 776 2609 nt
799 2559 864 2609 ad
889 2559 1195 2623 elegantiam
1222 2559 1380 2622 perti-

308 2642 483 2695 neret,
532 2650 713 2684 versus
755 2635 986 2684 scribere
1034 2642 1093 2683 et
1139 2633 1380 2683 recitare.

311 2709 501 2759 Horat.
538 2708 707 2773 Epist.
748 2723 813 2759 ιι.
851 2713 897 2759 1.
935 2712 1031 2759 108
1068 2723 1212 2773 seqq.
1246 2717 1302 2759 et
1329 2713 1379 2758 2·

308 2790 377 2835 0⁰
398 2802 546 2851 seqq.
603 2786 737 2836 Illud
757 2786 1002 2847 studium,
1026 2785 1081 2839 in
1097 2785 1236 2850 quod
1256 2793 1378 2836 tunc

310 2864 467 2914 enimi
494 2864 579 2912 vel
601 2869 785 2926 sponte
817 2862 1155 2927 inclinabant,
1185 2863 1251 2913 ab
1273 2862 1379 2913 Au·

312 2947 466 3003 gusto
486 2939 602 3003 ipso
621 2948 909 3002 promotum
934 2947 1016 2989 est
1033 2953 1149 2988 cum
1175 2939 1377 2989 honori·

309 3015 427 3080 bus,
443 3030 571 3080 qnos
591 3016 757 3079 po'e‘tis
774 3016 1050 3078 concessit,
1072 3021 1180 3065 tum
1199 3015 1378 3064 biblio-

306 3091 575 3141 thecarum
641 3092 963 3155 publicarum
1023 3090 1374 3141 institutione.

310 3166 420 3217 nie
440 3167 650 3216 morbus
681 3168 963 3219 communis
993 3182 1095 3217 non
1135 3167 1372 3218 imminu-

310 3250 393 3292 tus
415 3243 510 3292 sed
533 3243 704 3306 potius
733 3251 915 3293 auctus
938 3250 1019 3293 est
1039 3243 1135 3292 sub
1158 3258 1372 3308 sequen·

306 3318 453 3368 tibus
491 3319 911 3382 Impentoribus,
947 3334 1064 3369 cum
1099 3320 1370 3385 unnsquis-

307 3411 429 3462 qne,
448 3396 547 3445 nisi
570 3395 726 3445 animi
746 3410 902 3444 caasa
927 3402 1019 3444 aut
1039 3395 1133 3444 otii
1155 3393 1370 3444 fallendi

308 3472 584 3533 scriberet,
598 3470 797 3521 facilius
819 3479 875 3521 et
905 3472 1220 3522 commodius
1258 3471 1379 3534 poe-

310 3548 441 3597 tices
458 3546 634 3596 studio
650 3560 834 3596 nomen
847 3562 903 3597 se
924 3547 1247 3597 inventurum
1264 3561 1377 3597 esse

313 3622 675 3683 arbitraretur,
711 3636 864 3687 quam
909 3624 1013 3672 alia
1054 3638 1377 3687 quacumque

311 3712 370 3750 re
390 3697 631 3762 graviori.
683 3699 898 3748 Petron.
925 3703 1038 3749 118.
1092 3698 1265 3748 Etiam
1285 3698 1374 3746 Ti·

310 3774 503 3836 bei-ins,
532 3762 915 3824 crudelissimus
949 3775 1375 3838 turpissimaeque

313 3850 594 3912 Princeps,
618 3849 808 3899 Graeca
840 3856 897 3899 et
921 3849 1106 3899 Lutina
1136 3849 1377 3913 poemata

311 3924 455 3982 fecit,
467 3925 869 3988 Euphorionem,
888 3925 1156 3987 Rhianum,
1173 3931 1232 3973 et
1248 3924 1375 3973 Par-

311 4002 538 4051 thenium
554 4002 648 4063 (de
661 4002 846 4065 quibus
863 4016 914 4051 ν.
932 4000 1139 4050 Suidam
1154 4008 1210 4050 et
1222 4001 1373 4049 Voss.

312 4076 378 4129 de
398 4077 522 4127 hist.
546 4076 749 4141 Graec.)
770 4077 823 4125 in
857 4077 1081 4137 Grecis,
1107 4077 1157 4124 in
1180 4075 1377 4125 Latinis

312 4155 597 4205 Messalam
636 4155 915 4204 Corvinum
958 4152 1205 4203 imitatus.
1253 4153 1378 4202 Sue·

313 4232 497 4285 ton..in
519 4231 643 4286 Tib.
665 4235 748 4282 70.
782 4229 851 4285 cf.
870 4230 1036 4281 Tacit.
1053 4228 1191 4280 Ann.
1213 4243 1254 4279 ι.
1281 4234 1374 4291 115

1458 2421 1585 2459 xnr.
1608 2412 1657 2458 ⁸.
1724 2407 1960 2473 Caligula
1992 2407 2220 2474 quidem,
2251 2409 2338 2474 qui
2360 2410 2515 2460 caedi-

1457 2485 1575 2546 bus,
1593 2484 1804 2548 rapinis,
1820 2492 1875 2533 et
1894 2483 2090 2547 stupris
2107 2483 2279 2533 omnia
2294 2485 2518 2548 miscuit,

1456 2561 1659 2624 Virgilii
1678 2567 1732 2609 et
1750 2560 1884 2608 Livii
1907 2559 2100 2625 scripta
2118 2559 2325 2608 abolere
2348 2566 2521 2611 tenta-

1457 2637 1554 2699 vit,
1585 2636 1825 2701 (Sueton.
1849 2636 2012 2699 Calig.
2036 2634 2143 2700 ³4.)
2176 2635 2378 2699 ingenio
2409 2637 2521 2687 illo-

1459 2726 1572 2762 rum
1594 2711 1902 2775 scriptorum
1919 2719 1973 2761 et
1992 2711 2152 2775 gloria
2171 2708 2413 2774 offensus,
2435 2705 2522 2762 ie-

1459 2804 1570 2839 rum
1590 2790 1688 2839 illis
1706 2787 1895 2839 favisse
1909 2789 2134 2851 videtur,
2152 2789 2241 2854 qui
2258 2790 2340 2838 vel
2354 2782 2518 2852 ipsius
2562 2802 2577 2809 ‘

1455 2866 1635 2915 laudes
1659 2873 1927 2927 canerent,
1958 2866 2040 2915 vel
2065 2866 2268 2915 libidini
2289 2864 2518 2919 excitan-

1455 2940 1539 2990 dae
1580 2942 1816 2991 versibus
1859 2941 1964 2991 suis
2019 2942 2345 2991 inservirent.
2431 2941 2521 2993 Ne

1457 3017 1702 3069 Claudius
1741 3016 1951 3082 quidem
1976 3031 2008 3065 a
2028 3016 2193 3065 Musis
2226 3022 2343 3065 erat
2378 3029 2521 3066 aver-

1453 3108 1556 3142 sus.
1600 3093 1816 3142 Sueton.
1847 3092 2033 3141 Claud.
2073 3096 2121 3141 3.
2144 3096 2225 3144 28.
2248 3097 2329 3143 40.
2376 3093 2518 3146 Ptin.

1453 3170 1623 3231 Epist.
1661 3182 1699 3218 1.
1738 3173 1835 3229 183
1869 3168 2043 3218 Tacit.
2079 3168 2267 3221 Annal.
2305 3183 2433 3220 xm.
2466 3174 2516 3221 3.

1454 3245 1597 3294 Nero
1615 3258 1788 3293 omnes
1803 3242 2046 3293 liberales
2062 3244 2364 3308 disciplinas
2382 3259 2516 3309 puer

1452 3319 1647 3384 attigit,
1663 3320 1946 3384 poesinque
1961 3321 2214 3371 exercuit.
2234 3321 2376 3370 Suet.
2388 3320 2516 3370 Ner.

1460 3402 1540 3459 10,
1574 3400 1671 3457 ⁶23
1706 3396 1938 3446 Martini.
1976 3409 2061 3446 rx.
2095 3400 2176 3446 27.
2239 3397 2366 3445 Tres
2404 3395 2515 3458 ejus

1459 3488 1638 3522 versus
1654 3487 1758 3522 non
1776 3472 1970 3521 ultimae
1986 3480 2124 3521 notae
2135 3469 2337 3535 profert
2349 3471 2519 3537 Schol.

1459 3547 1523 3594 ad
1552 3549 1741 3595 Lucan.
1763 3559 1846 3595 ιιι.
1874 3550 1988 3595 261.
2044 3545 2236 3593 Verum
2258 3541 2325 3594 cf.
2346 3544 2514 3596 Tacit.

1459 3621 1598 3672 Anu.
1625 3634 1742 3671 xxv.
1778 3625 1854 3671 16.
1918 3620 2136 3669 Satiram
2184 3633 2388 3684 quoqne
2424 3625 2519 3670 aut

1459 3712 1668 3747 carmen
1707 3696 1935 3761 scripsit,
1974 3709 2074 3760 quo
2119 3695 2351 3745 Clodium
2394 3694 2518 3745 Pol·

1453 3775 1660 3834 lionem,
1703 3780 1759 3822 et
1809 3772 2047 3833 alterum,
2101 3784 2201 3835 qno
2244 3768 2517 3821 Afranium

1456 3850 1846 3910 Quinctium,
1868 3848 2087 3899 mollitia
2119 3847 2350 3911 corporis
2386 3844 2518 3897 infa-

1455 3941 1608 3987 mem,
1651 3925 1974 3990 perstrinxit.
2038 3926 2184 3976 Suet.
2226 3922 2425 3973 Domit.
2471 3927 2517 3975 1.

1454 4003 1629 4053 Tacit.
1650 4002 1791 4053 Ann.
1812 4015 1905 4052 xv.
1926 4006 2008 4050 49.
2041 4000 2388 4054 Quamobrem
2410 3998 2519 4049 Ne·

1458 4093 1635 4128 ronem
1676 4078 1742 4128 ab
1770 4077 2012 4129 juvenali
2051 4078 2128 4128 iv.
2169 4082 2280 4131 106.
2319 4082 2517 4127 tactum

1455 4162 1645 4219 putant
1667 4154 2003 4219 interpretes.
