3050 4913
1128 407 1222 458 m·
1268 408 1709 461 vnassoRUM.

314 552 572 631 suspende
584 551 792 603 foribus
804 566 1017 603 coronas
1034 568 1047 602 ε
1073 552 1212 604 tollis
1231 553 1384 615 euim,

315 627 370 670 et
391 618 541 668 libris
560 625 797 668 actorum
819 632 1064 681 spargere
1088 617 1283 682 gaudes
1305 633 1386 668 ar-

317 689 562 749 gumenta
603 682 901 740 virir-Jura
945 683 1170 746 parentis
1213 682 1386 746 habes,

320 754 541 812 propter
562 763 646 797 me
667 746 915 796 scriberis
935 748 1383 812 haeres‚,Legatum

319 826 467 862 omne
481 814 752 876 capis,nec
769 827 872 861 non
890 818 945 860 et
961 812 1115 862 dulce
1128 811 1383 862 caducum

319 877 394 939 ix,
413 881 480 925 84
504 892 583 941 sq.
650 878 904 925 clamosus
912 876 1162 939 juvenem
1186 878 1384 925 excitat

319 942 424 1004 xiv,
448 945 536 990 191
607 941 838 1005 qumvis
848 941 960 1004 jsm
981 941 1234 990 tremulus
1260 956 1383 1005 cap·

319 1012 397 1055 tat
418 1006 676 1055 Coranum
708 1004 952 1070 (militem
982 1011 1036 1054 et
1057 1004 1242 1066 filium)
1277 1006 1383 1065 xvi,

315 1074 384 1129 ,56
464 1068 628 1133 patris
670 1068 821 1119 funus
859 1073 1166 1134 promittere
1200 1069 1273 1132 iii,
1317 1074 1380 1120 43

320 1135 375 1184 in
396 1135 648 1197 gremium
672 1132 858 1183 fundat
881 1129 1029 1183 sim'ul
1065 1141 1173 1183 tres
1198 1149 1382 1198 pueros

321 1213 369 1254 r.
411 1203 507 1248 142
573 1199 697 1247 caesi
736 1199 875 1247 ultor
909 1198 1380 1261 Agamemnonides

316 1263 424 1324 viii,
446 1267 544 1312 217
613 1263 751 1325 patri
774 1278 873 1312 non
890 1263 1140 1339 quereris,
1154 1263 1383 1313 Gradive

317 1327 373 1389 ii,
405 1331 500 1376 131
571 1341 656 1376 res
689 1328 828 1376 nulla
861 1330 1073 1377 minoris
1102 1327 1381 1387 constabit,

353 1406 473 1440 uam
511 1390 645 1439 filius
685 1391 773 1452 vii,
814 1395 905 1440 188
973 1399 1173 1455 patrem
1198 1393 1380 1455 patriai

395 1471 482 1505 ma
495 1457 796 1505 Ciceronem
816 1455 978 1506 libera
1001 1457 1134 1505 dixit
1157 1458 1262 1519 viii,
1282 1462 1380 1507 244

314 1519 483 1583 ipsum
502 1520 808 1582 turbamque
824 1534 958 1571 casae
977 1521 1245 1571 saturabat
1263 1522 1380 1571 talis

316 1585 524 1648 glebula
545 1585 653 1644 xiv,
678 1588 772 1634 167
825 1584 1045 1634 sabbata
1061 1593 1380 1636 metuentem

313 1649 419 1712 xiv,
439 1653 507 1698 96
573 1657 722 1712 patre
749 1648 870 1698 vivo
892 1650 1010 1698 solis
1030 1649 1276 1700 militibus
1293 1650 1381 1699 da-

317 1720 401 1762 tur
433 1715 526 1777 jus
568 1713 791 1763 testandi
825 1714 933 1776 xvi,
961 1718 1025 1763 52
1103 1729 1199 1777 pro
1230 1722 1381 1778 patre

315 1778 457 1826 nulla
482 1792 701 1841 unquam
725 1778 878 1827 cadet
911 1780 1148 1827 coturnix
1188 1780 1282 1843 xii,
1316 1784 1380 1829 98

318 1849 492 1905 patres
531 1843 728 1891 exclusi
759 1848 1001 1905 spectant
1037 1843 1257 1892 admissa
1292 1859 1380 1907 op-

317 1908 464 1956 sonia
485 1907 552 1967 iv,
570 1911 634 1955 64
740 1915 910 1956 atrum
933 1908 1152 1971 vestigia
1176 1907 1377 1971 fugien-

316 1971 382 2021 da
426 1972 656 2036 reliquos
727 1979 887 2021 neunt
919 1972 1024 2033 xiv,
1061 1977 1125 2021 36
1204 1981 1378 2036 patres

315 2035 507 2085 mixtos
530 2050 647 2084 cum
664 2036 910 2098 sanguine
925 2037 969 2084 E
1008 2037 1170 2086 uitum
1184 2037 1382 2087 lacerat

315 2100 426 2149 haec
450 2100 598 2175 potio
622 2099 691 2162 vi,
710 2105 804 2149 625
874 2101 938 2148 ad
1010 2108 1150 2150 atres
1174 2103 1382 2151 occulta

317 2165 536 2214 crimina
558 2164 804 2228 produxit
821 2179 1003 2214 servus
1029 2166 1136 2226 viii,
1153 2170 1251 2216 266

383 2229 603 2278 Paterni
646 2229 848 2293 argenti
893 2228 1253 2295 quodcumque
1298 2247 1381 2280 sn·

319 2302 513 2356 petest,
530 2293 690 2342 donat
705 2293 912 2343 athletis
931 2293 1002 2356 vi,
1016 2298 1109 2343 355
1162 2302 1380 2357 paterno

317 2372 437 2407 rure
476 2359 697 2408 viventis
737 2357 1004 2421 cujusdam
1029 2374 1211 2422 magua
1247 2359 1382 2410 fama

317 2430 393 2473 est
411 2423 638 2483 3—vivat
670 2422 898 2486 Fidenis,
956 2430 1010 2472 et
1046 2424 1212 2488 agello
1250 2425 1381 2475 cedo

315 2488 752 2601 5:22323231533
787 2492 1039 2602 ῗέῃιῖἒὲ
1045 2504 1137 2602 ''32²1‘’
1159 2505 1284 2602 ἕδη
1320 2503 1380 2603 :⁰

320 2624 465 2667 terna
485 2617 540 2664 in
564 2618 738 2680 pluma
760 2616 1035 2666 dormisset
1070 2589 1140 2679 vi:
1163 2623 1228 2667 88
1290 2569 1378 2683 ga·

319 2682 476 2730 ternis
500 2682 718 2731 Laribus
743 2682 896 2730 thura
918 2682 1055 2732 dabo
1077 2684 1168 2742 xii,
1186 2687 1252 2733 89

379 2747 544 2794 Patet
567 2745 719 2796 unica
736 2746 922 2796 semita
945 2748 1236 2811 tranquillae
1260 2747 1380 2797 vitae

318 2823 411 2872 per
431 2811 679 2859 virtutem
702 2825 755 2871 x,
773 2814 869 2859 364
936 2818 1118 2875 patent
1137 2810 1380 2861 senessi-m

318 2881 468 2923 nocte
490 2874 564 2936 iii,
589 2878 707 2924 275.
745 2876 811 2935 vi,
847 2879 908 2924 31
977 2877 1086 2925 haec
1123 2876 1380 2940 deprensa

321 2939 384 3001 vi,
414 2943 511 2987 640
593 2939 760 2988 valvae
796 2938 937 2988 facili
970 2940 1179 2989 cardine
1214 2942 1281 3000 iv,
1314 2946 1377 2991 63

320 3005 485 3065 patuit
508 3004 715 3068 qnando
737 3005 900 3067 major
922 3005 1152 3053 avaritiae
1179 3005 1318 3053 sinus
1343 3007 1379 3067 i,

317 3071 378 3116 88
443 3077 627 3132 patens
650 3068 767 3117 hinc
803 3077 960 3131 atque
987 3069 1107 3118 inde
1130 3070 1379 3118 cathedra

318 3131 353 3189 i,
373 3136 435 3180 65
502 3147 594 3180 ara
629 3133 791 3181 Bonae
824 3133 955 3182 Deae
990 3133 1113 3182 solis
1149 3134 1377 3183 maribus

318 3196 369 3258 ii,
390 3199 453 3245 89
517 3198 726 3245 calceus
750 3206 907 3260 rupta
930 3198 1066 3259 pelle
1088 3198 1165 3259 iii,
1189 3202 1281 3246 150

379 3260 626 3310 pathicus
648 3262 845 3311 amicus
884 3264 953 3325 ix,
995 3267 1090 3312 130
1157 3262 1299 3311 Otho
1321 3262 1376 3324 ii,

380 3388 580 3438 Patinae
598 3389 819 3439 debetur
835 3390 1175 3440 Prometheus
1193 3391 1263 3453 iv,
1283 3395 1375 3439 133

322 3466 552 3501 mensura
572 3454 641 3517 iv,
666 3458 731 3503 72

359 3516 824 3580 'Patior—pateris
858 3533 965 3568 rem
988 3518 1240 3569 modicam
1267 3518 1377 3579 xiii,

320 3585 407 3631 143
475 3598 614 3646 quat,
643 3597 746 3631 non
780 3597 894 3632 rara
935 3583 1162 3633 videmus
1205 3583 1310 3645 xiii,
1344 3588 1377 3631 9

353 3646 512 3695 atitnr
536 3662 690 3710 quem
713 3647 938 3696 dormire
970 3648 1006 3708 i,
1043 3652 1106 3697 77
1172 3654 1375 3696 noctem

319 3660 536 3773 ingentis
563 3711 784 3760 amicum
810 3711 1009 3761 Pelidae
1035 3712 1107 3772 iii,
1123 3716 1221 3761 279
1286 3712 1377 3760 has

319 3788 487 3836 poenas
540 3776 794 3839 peccandi
833 3778 945 3825 sola
988 3779 1223 3826 voluntas
1266 3776 1379 3836 xiii,

315 3841 407 3888 208
470 3855 574 3889 non
600 3841 795 3904 patitur
807 3841 1122 3904 Tyrrhenum
1141 3855 1376 3889 crescere

316 3904 506 3966 piscem
551 3921 600 3961 v,
640 3910 705 3954 96
773 3912 996 3968 patimur
1035 3920 1171 3954 nunc
1211 3907 1376 3968 longae

315 3970 452 4029 pacis
476 3970 612 4018 mala
649 3970 720 4031 vi,
758 3974 854 4019 292
921 3970 1149 4032 patietur
1192 3985 1374 4017 uncum

316 4032 443 4096 nigri
467 4034 694 4082 carceris
734 4035 843 4094 xiii,
881 4037 975 4083 245
1045 4043 1222 4096 patere
1256 4032 1376 4082 iude

314 4096 501 4162 aliquid
542 4098 849 4147 decrescere
885 4098 972 4159 vii,
1010 4102 1105 4146 220
1189 4098 1295 4159 pati
1335 4098 1377 4146 si

313 4160 401 4209 illa
424 4172 593 4226 potes,
610 4178 725 4227 quae
743 4177 840 4212 nec.
857 4162 1158 4212 Sarmentus
1176 4163 1378 4211 tulisset

312 4239 361 4287 v,
384 4231 413 4275 3
479 4228 620 4293 quod
656 4227 827 4280 vinum
866 4228 997 4276 nolit
1027 4226 1238 4275 succida
1259 4228 1379 4275 lana

312 4305 362 4355 v,
391 4295 454 4343 25
525 4306 629 4342 non
671 4290 876 4342 timebis
917 4291 1047 4342 dura
1083 4289 1256 4357 flagra,
1298 4291 1378 4342 his

2444 417 2526 463 CV

1458 552 1626 616 epulis
1671 559 1727 602 et
1769 552 1858 602 tali
1900 552 2087 615 dignus
2124 554 2286 604 amico
2328 569 2381 617 v,
2425 557 2520 605 173

1457 618 1642 667 lateris
1664 616 1893 667 dolorem
1916 618 2029 680 xlii,
2046 623 2142 668 230
2187 620 2389 684 patiens
2408 622 2525 685 quis

1457 688 1565 730 tam
1609 682 1796 747 iniquae
1853 683 2009 745 urbis,
2056 692 2159 732 tam
2203 682 2421 747 ferrens,
2469 691 2527 732 ut

1458 752 1641 795 teneat
1679 762 1735 796 se
1774 747 1812 808 i,
1852 751 1913 797 31
2002 748 2175 812 pelagi
2215 758 2271 797 et
2316 748 2525 800 cassidis

1456 817 1616 875 atque
1637 809 1818 874 ligonis
1848 812 1937 874 vii,
1968 815 2030 860 33
2098 827 2338 875 passurus
2364 814 2525 876 gestis

1459 875 1713 938 aequanda
1758 875 1989 938 pericula
2050 877 2205 926 rebus
2263 878 2370 942 xiv,
2426 881 2523 927 314

1457 939 1594 1050 passi
1618 939 1873 989 horrenda
1895 954 2061 1002 nuper
2098 942 2190 1003 xii,
2215 945 2275 992 15
2349 956 2524 1006 passos

1495 1018 1558 1053 oc
1581 1018 1838 1067 nunquam
1864 1006 1915 1053 in
1934 1005 2103 1055 AEolio
2122 1021 2334 1055 carcere
2357 1021 2409 1065 x,
2427 1010 2520 1055 181

1457 1069 1624 1145 passis
1662 1068 1866 1118 Punica
1901 1070 2101 1133 praelia,
2142 1072 2224 1120 vel
2265 1071 2524 1134 Pyrrhum

1456 1147 1728 1182 immanem
1771 1133 2071 1198 gladiosque
2116 1135 2366 1184 Molossos
2423 1136 2529 1195 κίν,

1461 1201 1552 1246 161
1622 1198 1787 1262 passis
1828 1198 1937 1247 dira
1976 1205 2134 1262 atque
2163 1199 2402 1249 immania
2440 1215 2529 1264 xv,

1523 1326 1803 1376 Patrantes
1826 1327 1878 1376 in
1899 1325 2003 1376 fine
2028 1328 2202 1377 oculos
2225 1328 2312 1391 vii,
2333 1332 2427 1378 241

1522 1391 1702 1441 Patria
1721 1391 1823 1440 vini
1845 1399 1999 1456 atque
2012 1393 2231 1442 ministri
2249 1407 2349 1442 una
2366 1402 2525 1458 atque

1456 1456 1637 1505 eadem
1661 1463 1744 1505 est
1766 1456 1836 1517 xi,
1867 1460 1961 1507 161
2033 1472 2305 1506 vervecum
2326 1472 2526 1508 crasso·

1456 1534 1557 1583 que
1581 1521 1675 1568 sub
1699 1520 1819 1569 ae're
1844 1521 1986 1570 nasci
2025 1537 2076 1584 x,
2115 1527 2179 1570 50
2245 1523 2431 1598 patriae
2470 1530 2527 1572 et

1456 1590 1654 1632 naturae
1674 1585 1738 1633 de
1758 1600 1951 1634 veneno
1969 1586 2302 1648 exiguarum,
2320 1591 2411 1637 123
2451 1587 2523 1635 nil

1457 1647 1671 1696 indulsit
1691 1650 1841 1707 vi‚86
1885 1650 2098 1697 idoneus
2115 1651 2295 1711 xiv,71
2346 1652 2525 1700 ovanti

1456 1712 1698 1774 egregius
1721 1713 1975 1775 contingis
1998 1713 2126 1763 civis
2157 1716 2262 1777 viii,
2294 1721 2359 1764 28
2423 1717 2522 1766 hoc

1459 1777 1689 1840 praetulit
1708 1783 1765 1825 et
1817 1778 1949 1826 ueris
1970 1778 2150 1839 vi,lll
2198 1780 2334 1843 quod
2354 1781 2523 1830 civem

1456 1841 1751 1905 populoque
1765 1792 1971 1902 dedisti,
1987 1850 2188 1904 gratum
2207 1851 2302 1902 est,
2317 1845 2359 1892 si
2378 1842 2526 1908 sacis,

1457 1913 1515 1954 ut
1536 1905 1721 1968 patriae
1744 1906 1810 1954 sit
1844 1906 2074 1966 idoneus,
2109 1907 2249 1956 utilis
2268 1923 2525 1972 agrorum,

1458 1970 1596 2018 utilis
1619 1977 1673 2019 et
1694 1969 1943 2020 bellorum
1962 1980 2015 2020 et
2034 1971 2175 2034 pacis
2194 1973 2348 2022 rebus
2369 1988 2525 2037 agen-

1456 2034 1536 2082 dis
1559 2035 1663 2098 xiv,
1696 2038 1760 2083 70
1827 2050 1972 2085 amor
2000 2044 2222 2101 quantus
2261 2046 2375 2087 erat
2416 2039 2523 2087 De-

1455 2099 1652 2148 ciorum
1678 2101 1728 2147 in
1764 2108 1979 2162 pectore
2017 2102 2120 2161 xiv,
2159 2106 2257 2151 239
2324 2111 2524 2166 patrem

1456 2164 1627 2212 Roma
1646 2164 1953 2214 Ciceronem
1970 2166 2138 2215 libera
2156 2167 2289 2215 dixit
2304 2168 2409 2230 viii,
2426 2171 2523 2217 244

1456 2228 1675 2291 ingratae
1697 2228 1828 2277 fides
1849 2238 2001 2279 curta
2024 2231 2130 2290 xiv,
2153 2236 2247 2281 166
2303 2233 2525 2294 patriam

1457 2292 1655 2342 rhombi
1679 2303 1986 2343 memoraret
2023 2295 2092 2354 iv,
2135 2299 2228 2344 129
2296 2297 2524 2346 titulum·

1457 2371 1559 2420 que
1585 2358 1687 2406 vini
1710 2365 1956 2408 senectus
1981 2358 2176 2408 delevit
2217 2375 2270 2421 v,
2308 2365 2369 2410 34
2439 2377 2526 2425 pa·

1458 2422 1620 2471 rentis
1645 2437 1794 2472 nemo
1820 2430 1980 2487 queat
2001 2433 2287 2474 monstrare
2325 2425 2436 2488 viii,
2459 2430 2522 2475 45

1455 2486 1632 2535 obruit
1672 2487 1793 2535 olim
1827 2488 1989 2549 gloria
2058 2504 2300 2538 sucorum
2335 2505 2389 2551 x,
2429 2495 2523 2539 142

1456 2549 1772 2615 fugientibus
1811 2553 1948 2599 solus
1984 2552 2018 2600 il
2042 2567 2072 2599 e
2110 2553 2259 2602 dolor
2300 2563 2399 2616 est,
2439 2569 2525 2603 ca·

1457 2616 1615 2664 ruisse
1660 2630 1791 2664 auno
1831 2616 2160 2665 Circensibus
2201 2630 2303 2666 uno
2342 2619 2417 2680 xi,
2455 2623 2519 2667 52

1454 2689 1510 2729 et
1551 2686 1725 2728 castra
1766 2686 1981 2743 petente
2020 2680 2129 2729 viro
2173 2681 2241 2741 vi,
2284 2686 2377 2730 575
2468 2689 2524 2732 et

1455 2758 1642 2793 nomen
1668 2758 1907 2794 novercae
1931 2743 2234 2797 Archemori
2272 2747 2414 2795 dicat
2436 2746 2526 2810 vii,

1455 2813 1551 2857 234
1621 2809 1787 2871 patria
1809 2809 2052 2859 cedamus
2076 2809 2146 2872 iii,
2167 2814 2232 2859 29

1520 2874 1703 2921 Patria
1748 2887 1944 2938 papyro
1987 2876 2285 2925 succinctus
2346 2875 2415 2939 iv,
2456 2879 2521 2926 24

1455 2939 1637 3000 patriis
1658 2938 1919 2989 montibus
1940 2939 2030 2999 vii,
2050 2943 2145 2989 211

1521 3001 1768 3051 Patriciae
1794 3004 1961 3064 gentis
1986 3005 2210 3066 optimus
2251 3012 2305 3054 et
2337 3003 2525 3054 formo-

1456 3065 1680 3114 sissimus
1716 3066 1918 3131 (Silius)
1954 3083 2005 3129 x,
2028 3073 2124 3117 332
2194 3069 2524 3132 patriciorum

1455 3130 1724 3179 triscurria
1763 3131 1851 3195 qui
1889 3138 2097 3194 spectat
2132 3133 2238 3194 viii,
2274 3138 2368 3184 190
2437 3148 2522 3197 pa-

1456 3195 1632 3242 tricias
1658 3203 1795 3243 artes
1835 3197 1948 3260 quis
1980 3197 2090 3260 jam
2129 3212 2231 3246 non
2267 3198 2524 3262 intelligat

1456 3258 1528 3319 iv,
1554 3263 1646 3308 102
1714 3260 1963 3321 patricios
1987 3276 2162 3321 omnes
2197 3263 2380 3325 opibus
2407 3278 2526 3326 pro-

1458 3333 1611 3372 vocet
1646 3323 1682 3383 i,
1713 3328 1776 3372 24
1821 3325 2104 3375 ‘Patricius
2140 3341 2238 3376 nou
2284 3328 2524 3389 patritius

1452 3387 1803 3447 scribendum,
1827 3396 1885 3437 ut
1903 3397 1958 3439 et
1981 3391 2220 3451 ficticius‚
2242 3391 2520 3452 latericius,

1454 3452 1705 3514 novicius,
1730 3452 1982 3503 aedilicius
2004 3462 2108 3505 cet.
2130 3455 2207 3516 iii,
2229 3460 2322 3503 265

1519 3517 1841 3566 Patrimonin
1885 3533 1983 3569 uns
2027 3534 2205 3568 mensa
2243 3518 2521 3567 comedunt

1453 3579 1488 3641 i,
1533 3585 1627 3629 138
1716 3591 1922 3631 centum
1983 3583 2351 3631 causidicorum
2399 3583 2519 3633 hinc

1455 3660 1625 3708 pone‚—
1644 3656 1794 3708 parte
1828 3646 1930 3694 alia
1965 3654 2070 3696 cet.
2113 3647 2199 3707 vii,
2241 3651 2332 3695 113
2401 3661 2521 3696 con·

1454 3709 1720 3773 duplicare
1737 3724 1832 3773 per
1849 3709 2056 3760 fraudes
2075 3711 2181 3771 xiv,
2198 3715 2298 3759 229
2331 3718 2521 3761 cuncta

1454 3787 1769 3835 exsuperans
1791 3787 1971 3822 census
1989 3789 2039 3838 x,
2062 3779 2120 3823 13
2189 3776 2396 3838 quidam
2416 3791 2518 3826 non

1454 3845 1669 3901 propter
1693 3837 1849 3886 vitam
1874 3836 2088 3897 faciunt,
2123 3840 2212 3888 sed
2238 3841 2368 3890 vitio
2392 3841 2521 3891 caeci

1456 3909 1669 3965 propter
1716 3902 2022 3963 patrimonia
2068 3904 2249 3952 vivunt
2309 3906 2400 3970 xii,
2455 3911 2520 3955 50

1453 3975 1691 4015 crescunt
1717 3966 1793 4014 liis
1817 3965 1977 4015 fabris
1998 3968 2103 4028 xiv,
2129 3974 2222 4018 116

1520 4032 1739 4079 Patroni
1766 4046 1914 4095 reges
1943 4047 2003 4081 ac
2040 4032 2231 4083 domini
2257 4035 2521 4097 appellan-

1454 4102 1541 4144 tur
1563 4110 1594 4143 a
1616 4096 1894 4145 clientibus
1916 4097 1950 4158 i,
1977 4102 2071 4147 136
2128 4097 2211 4147 Cf.
2238 4099 2467 4147 Clientes

1517 4161 1715 4208 Patruo
1740 4161 1930 4213 similes
1950 4161 2074 4211 offas
2096 4162 2151 4223 ii,
2172 4167 2234 4212 33
2303 4169 2511 4225 patruos

1451 4221 1634 4274 efferat
1655 4224 1725 4285 vi,
1745 4229 1841 4276 567

1453 4288 1486 4337 d
1524 4288 1601 4339 ‘rt
1629 4289 1641 4302 ‚
1687 4294 1783 4340 1⁵8
1905 4227 2107 4292 patruis
2129 4227 2292 4277 tribus
2308 4224 2512 4275 aconita

1490 4304 1518 4339 e
1559 4304 1577 4338 ι
1626 4304 1661 4355 ι,
