3050 4913
536 304 668 371 160

534 467 729 534 Tunc
755 470 922 553 nigri
945 468 1248 549 lemures,
1266 487 1530 554 ovoque
1556 467 1856 553 pericula
1879 469 2113 552 rupto:

1293 322 1364 373 A.
1412 321 1664 371 Pssnsu
1714 322 1979 373 rusco!

2611 471 2735 537 185

538 569 724 636 Hinc
752 569 1031 656 grandes
1060 568 1264 649 Galli,
1294 574 1363 634 et
1391 589 1544 635 cum
1573 570 1770 635 sisu-o
1797 568 1987 634 lusca
2014 569 2350 650 sacerdos,

538 768 1126 821 admoneamus-een.
1195 740 2284 832 nnmmsseperac-nosoampu:
2326 766 2742 817 mantua.

530 841 729 899 μείω,-
775 839 823 884 et
844 834 1074 885 Sacerdos
1105 835 1250 884 cocles
1280 848 1387 883 eum
1416 833 1697 897 crepitaculo
1716 833 1938 894 injiciunt
1960 838 2213 883 terrorem
2236 832 2519 896 Numam,
2539 848 2643 898 φα
2665 834 2745 893 sa·

1532 1003 1585 1053 N
1592 1000 1755 1053 0⁶1·AE

539 1118 672 1171 Quae
695 1114 864 1165 omnia
884 1114 1023 1165 ridet
1042 1114 1333 1177 Juvenalis,
1356 1116 1464 1165 Sat.
1485 1128 1603 1167 nv.

538 1197 620 1245 ⁹6.
640 1200 697 1242 et
718 1207 827 1258 seq.
844 1198 900 1242 et
914 1192 1122 1241 Persius
1144 1190 1248 1243 hic.
1298 1190 1443 1242 Male
1467 1191 1604 1240 enim

538 1269 823 1321 audiebant
844 1269 1023 1320 Roma
1046 1267 1237 1332 Judaei,
1256 1283 1386 1334 quos
1418 1269 1604 1319 tumul-

540 1353 746 1398 tuantes
818 1346 1019 1411 expulit
1083 1345 1250 1396 Roma
1307 1346 1602 1411 Imperator

540 1421 801 1485 Claudius,
844 1421 985 1471 Nero
1039 1421 1306 1485 snpplicsss
1355 1421 1603 1484 coercuit,

537 1498 868 1551 Domitianus
902 1497 1111 1547 vexavit
1151 1497 1390 1548 tributis:
1440 1503 1501 1547 ut
1524 1511 1603 1547 re·

538 1574 643 1626 fert
664 1574 960 1625 Suetonius.

606 1657 699 1704 185
740 1652 872 1701 Tum
890 1649 1023 1713 nim-i
1044 1651 1259 1712 lemn-es,
1278 1648 1384 1713 ξω]
1418 1649 1606 1715 Neque

538 1730 704 1780 solum
728 1726 891 1778 afficit
923 1732 977 1776 te
1012 1726 1399 1791 superstitiosus
1421 1726 1606 1792 pallor,

540 1804 635 1855 sed
655 1809 714 1855 et
736 1803 930 1867 subigit
951 1810 1120 1854 terror
1140 1816 1301 1851 vanus
1335 1817 1365 1852 e
1400 1801 1607 1851 lemuri-

536 1881 656 1944 bus,
692 1886 749 1930 et
782 1878 1016 1929 futilibus
1056 1878 1324 1942 portentis.
1415 1877 1605 1931 Horat.

540 1956 712 2020 Epist.
738 1969 803 2006 11.
826 1959 878 2005 2.
909 1958 925 1985 ‘
950 1954 1175 2016 Somnia,
1200 1959 1421 2004 terrores
1445 1954 1606 2017 magi-

540 2047 649 2094 cos,
670 2031 941 2092 miracula,
975 2030 1156 2093 Saga,
1195 2027 1495 2080 Nocturnos
1533 2031 1605 2079 le-

539 2124 730 2169 mures,
752 2112 1096 2172 portentaque
1112 2100 1353 2156 'l‘bessala
1376 2108 1515 2157 rides
1535 2104 1573 2155 ?'

605 2185 851 2249 Lemures]
912 2180 1164 2247 Apuleius
1185 2183 1251 2232 de
1275 2185 1392 2233 Deo
1424 2183 1607 2234 Socra-

540 2262 643 2313 tis:
675 2263 692 2289 ‘
718 2260 932 2311 Animus
964 2261 1159 2310 virtute
1196 2258 1463 2324 perfectus
1500 2261 1607 2311 Ge·

539 2338 655 2389 nius
711 2343 942 2389 vocatur.
1038 2335 1282 2387 Animum
1331 2337 1607 2387 humanum

540 2415 769 2472 emeritis
792 2414 916 2466 vitae
950 2412 1221 2479 stipendiis
1258 2428 1475 2479 corpore
1511 2430 1606 2465 suo

541 2491 867 2556 abjurantem
885 2481 1265 2542 vetere'Latina
1289 2492 1488 2556 Lingua
1509 2494 1606 2543 Le-

540 2583 740 2619 murem
785 2567 1084 2618 dictitatum
1135 2568 1373 2634 reperio,'
1417 2570 1604 2636 inquit.

539 2643 555 2670 ‘
581 2644 662 2692 Ex
684 2643 823 2693 bisce
841 2643 1142 2693 Lemuribus
1167 2645 1255 2709 qui
1279 2651 1605 2708 posterorum

542 2733 751 2769 suorum
802 2733 977 2768 curam
1019 2720 1251 2783 sortitus,
1296 2722 1503 2786 placato
1551 2730 1607 2773 et

541 2795 718 2860 quieto
742 2795 966 2844 Numine
990 2792 1194 2846 domurn
1225 2796 1473 2861 possidet,
1503 2795 1607 2848 Lar

540 2869 805 2920 familiaris
843 2865 1067 2920 dicitur:
1120 2872 1207 2936 qui
1250 2888 1372 2924 vero
1409 2874 1477 2925 ob
1517 2873 1606 2924 ad-

540 2958 691 2996 versa
711 2945 835 2994 vitae
859 2946 1062 3009 merita,
1100 2947 1252 2997 nullis
1286 2948 1433 2999 bonis
1472 2951 1606 3000 sedi-

540 3021 658 3083 bus,
698 3021 896 3072 incerta
934 3022 1221 3087 vagatione,
1261 3039 1350 3074 seu
1382 3026 1605 3091 quodam

540 3098 700 3148 exilio
748 3099 980 3162 punitur,
1025 3100 1175 3150 inane
1225 3102 1607 3153 terriculamen-

543 3181 653 3225 tum
671 3174 817 3225 bonis
832 3176 1136 3240 bominibus,
1152 3184 1380 3227 ceterum
1398 3179 1608 3229 noxium

542 3249 709 3312 malis,
748 3249 801 3298 id
839 3263 997 3314 genus
1020 3251 1253 3315 plerique
1278 3254 1466 3303 Larvas
1490 3269 1607 3318 per-

542 3325 738 3376 bibent.
806 3328 935 3376 Cum
955 3341 1079 3376 vero
1100 3327 1353 3377 incertum
1378 3335 1474 3390 est,
1489 3346 1605 3394 quae

543 3402 732 3468 cuique
750 3418 928 3452 eorum
951 3403 1153 3453 sortitio
1171 3405 1420 3466 evenerit,
1433 3412 1604 3456 utrum

540 3479 645 3530 Lar
688 3480 773 3545 sit,
812 3497 876 3530 an
926 3482 1111 3545 Larva,
1152 3483 1355 3533 nomine
1394 3485 1603 3536 Manem

540 3558 714 3608 Deum
752 3559 1089 3624 nuncupant?
1165 3561 1311 3611 Idem
1353 3561 1605 3626 Apuleius

541 3633 596 3683 in
632 3634 891 3699 Apologia
929 3638 1002 3685 sic
1042 3636 1231 3686 habet:
1282 3639 1298 3666 ‘
1320 3638 1470 3688 Duat
1507 3639 1605 3689 tibi

540 3708 689 3758 Deus
712 3710 887 3759 obvias
904 3713 1100 3774 species
1118 3723 1453 3776 mortuorum,
1466 3716 1609 3779 quic-

541 3779 668 3848 quid
710 3786 1019 3836 Umbrarum
1068 3796 1149 3837 est
1189 3803 1421 3853 usquam,
1466 3791 1608 3854 quic-

543 3857 668 3923 quid
721 3859 1013 3923 Lemurum,
1058 3864 1300 3928 quicquid
1354 3866 1608 3928 Manium,

541 3933 785 3998 quicquid
812 3937 1089 3988 Larvarum
1114 3940 1276 3989 oculis
1317 3940 1417 3990 tuis
1454 3956 1608 4006 ogge-

543 4016 644 4073 rat,
662 4010 835 4058 omnia
867 4013 1094 4062 noctium
1128 4017 1480 4077 occursacula,
1501 4032 1606 4067 om-

543 4087 631 4137 nia
651 4087 915 4137 bustorum
939 4086 1316 4150 formidamina,
1337 4093 1504 4141 omnin
1527 4107 1604 4142 se-

542 4164 833 4230 pulcrorum
860 4164 1312 4219 terriculamenta!
1375 4168 1514 4220 Pun.
1538 4170 1605 4220 E-

1683 1115 1808 1180 pist.
1847 1128 1952 1166 vn.
1986 1120 2069 1167 2⁷.
2108 1117 2273 1167 multa
2305 1114 2472 1168 refert
2503 1113 2556 1167 id
2591 1130 2746 1181 genus

1683 1197 1937 1241 nocturna
1961 1193 2338 1258 phantasmata,
2354 1201 2465 1243 tum
2487 1194 2602 1244 aliis
2632 1209 2745 1244 cum

1679 1267 1777 1317 sibi
1814 1267 1943 1319 visa.
2019 1269 2123 1321 Hic
2163 1285 2260 1335 per
2296 1270 2521 1320 hmo
2554 1267 2745 1334 signifi·

1683 1350 1869 1394 cantur
1906 1345 2116 1395 Umbrae
2159 1352 2426 1396 nocturnae
2466 1352 2524 1395 et
2563 1346 2744 1395 larva

1682 1419 1858 1469 domos
1897 1419 2223 1485 infestantes,
2260 1437 2376 1487 quae
2413 1423 2587 1472 omnia
2629 1436 2748 1472 noe—

1684 1498 1812 1548 tium
1859 1497 2284 1549 terriculamenta
2337 1499 2749 1563 procurabantur

1685 1589 1774 1624 seu
1798 1574 2296 1637 averruncabantur,
2316 1574 2489 1624 fabam
2511 1581 2674 1623 noctu
2696 1574 2750 1622 in

1684 1649 1854 1701 Sacris
1867 1651 2151 1714 jactando;
2185 1658 2444 1701 testantur
2461 1651 2654 1714 Varro,
2684 1650 2750 1700 de

1684 1727 1811 1776 Vita
1834 1726 2024 1789 Populi
2060 1726 2278 1777 Romani
2316 1727 2409 1777 lib.
2449 1742 2491 1778 ι.
2529 1726 2623 1776 ubi
2662 1728 2756 1790 ait,

1684 1802 1701 1830 ‘
1726 1803 1787 1851 In
1827 1802 1998 1852 Sacris
2033 1799 2205 1852 fabam
2238 1802 2448 1867 jactant
2480 1809 2664 1865 noctu,
2697 1810 2752 1852 et

1686 1878 1868 1929 dicunt
1920 1893 1975 1928 se
2014 1880 2262 1929 Lemures
2303 1879 2454 1928 domo
2492 1886 2645 1927 extra
2674 1878 2753 1942 ja-

1685 1970 1838 2005 nuam
1860 1950 2051 2019 ejicere
2067 1955 2101 2005 :’
2149 1962 2202 2004 et
2222 1953 2376 2004 Ovid.
2393 1956 2540 2006 Fast.
2559 1968 2614 2005 v,
2637 1952 2752 2003 fuse

1686 2047 1795 2082 rem
1817 2031 2066 2096 explicat,
2088 2038 2144 2081 et
2164 2046 2359 2082 morem
2395 2031 2540 2081 illum
2578 2044 2755 2095 super-

1685 2108 1936 2157 stitiosum
1961 2107 2324 2173 persequitur:
2344 2107 2360 2134 ‘
2379 2106 2639 2172 Signaque
2662 2105 2754 2154 dat

1686 2182 1863 2247 digitis
1878 2183 2048 2233 medio
2073 2199 2190 2234 cum
2213 2184 2402 2247 pollice
2413 2183 2635 2247 junctis,
2648 2182 2753 2233 Oc-

1689 2269 1864 2311 currat
1909 2261 2072 2311 tacito
2116 2274 2181 2310 ne
2219 2259 2357 2310 levis
2406 2259 2593 2309 umbra
2636 2259 2753 2309 sibi.

1688 2337 1922 2401 Cumque
1944 2351 2122 2386 manus
2159 2350 2288 2400 pure
2323 2334 2538 2385 fontana
2562 2333 2754 2398 perluit

1685 2413 1841 2478 unda,
1873 2414 2131 2476 Vertitur,
2164 2419 2219 2463 et
2253 2411 2424 2476 nigras
2448 2410 2642 2476 accipit
2662 2424 2751 2460 ore

1684 2486 1850 2540 fabas.
1953 2490 2283 2554 Aversusque
2331 2488 2469 2552 jacit
2485 2488 2752 2540 x—umbra

1684 2571 1899 2631 putatur
1923 2566 2212 2629 Colligere,'
2232 2569 2330 2616 ἃς.

1754 2644 1942 2707 Oeoqae
1959 2644 2169 2707 pericula
2190 2643 2352 2708 rupto]
2400 2643 2417 2672 ‘
2442 2643 2753 2695 Sacerdote·

1686 2719 1775 2784 qui
1806 2720 2136 2784 explorandis
2158 2720 2405 2784 periculis
2428 2734 2577 2769 sacra
2599 2719 2753 2769 facie·

1687 2793 1831 2855 bant,
1868 2795 2144 2845 observare
2183 2794 2419 2846 solebant
2455 2811 2612 2845 ovum
2650 2795 2755 2860 igni

1687 2870 1998 2934 impositum,
2020 2879 2191 2922 utrum
2215 2872 2268 2921 iu
2291 2872 2484 2936 capite,
2505 2886 2572 2921 an
2609 2873 2659 2921 in
2683 2873 2754 2921 la-

1687 2954 1799 2998 tere
1848 2948 2147 2999 desudaret.
2231 2949 2288 2998 Si
2325 2955 2500 2998 autem
2542 2955 2752 3013 ruptum

1685 3023 1973 3089 effluxerat,
1995 3026 2281 3090 periculum
2321 3022 2672 3090 portendebat
2703 3024 2751 3073 el

1685 3117 1781 3167 pro
1805 3116 1906 3167 quo
1930 3099 2126 3152 factum
2149 3099 2341 3163 fuerat,
2373 3101 2456 3150 vel
2496 3100 2571 3149 rei
2608 3099 2752 3150 fami-

1688 3176 1801 3226 liari
1845 3174 1988 3240 ejus?
2055 3177 2185 3227 Haec
2224 3182 2374 3226 vetus
2418 3175 2749 3225 Scholiastes.

1687 3252 1762 3303 At
1786 3252 1925 3302 aliud
1960 3253 2343 3316 superstitionis
2368 3265 2533 3314 genus
2556 3251 2623 3300 de
2646 3250 2753 3300 ovis

1687 3329 1855 3392 ruptis
1877 3337 2053 3378 narrat
2074 3325 2288 3386 Plinius,
2306 3341 2510 3377 xxvm.
2527 3332 2580 3377 2.
2604 3328 2620 3355 ‘
2635 3327 2751 3378 Huc

1686 3404 1953 3468 pertinet,'
1985 3404 2172 3470 inquit,
2201 3405 2217 3431 ‘
2241 3417 2454 3453 ovorum
2486 3410 2546 3453 ut
2586 3418 2754 3454 exsor-

1687 3481 1860 3532 buerit
1899 3482 2116 3548 quisque
2155 3480 2366 3543 calices,
2404 3480 2753 3531 cochlearum·

1685 3574 1801 3623 que,
1822 3560 2056 3623 protinus
2073 3557 2262 3623 frangi,
2276 3566 2366 3608 aut
2386 3558 2596 3609 eosdem
2609 3560 2754 3610 eoch-

1685 3633 1912 3682 learibus
1936 3631 2225 3698 perforari!
2272 3633 2493 3683 Veteres
2515 3635 2754 3685 nimirum

1685 3712 1939 3761 hominem
1977 3711 2097 3759 laedi
2136 3712 2392 3776 putabant
2426 3725 2524 3775 per
2561 3711 2784 3762 malefii

1687 3787 1844 3850 cium,
1866 3788 1909 3837 si
1948 3803 2162 3837 ovorum
2204 3794 2355 3837 testie
2391 3803 2490 3838 acu
2525 3788 2754 3853 perfora·

1685 3872 1895 3916 rentur:
1954 3867 2094 3931 quod
2136 3881 2201 3916 ne
2245 3868 2500 3930 eveniret,
2535 3882 2752 3918 ovorum

1685 3942 2111 4008 cochlearumque
2131 3945 2396 4009 putamina
2415 3945 2596 3995 statim
2617 3944 2753 3994 sran-

1685 4019 1874 4082 gebant
1907 4034 1969 4069 ac
2023 4021 2426 4086 pertundebant,
2461 4029 2523 4073 ut
2561 4022 2755 4073 malefi-

1683 4095 1819 4144 cium
1864 4107 2184 4161 occuparent
2228 4107 2388 4166 atque
2430 4107 2752 4152 averterent.

1681 4169 1974 4223 Turnebus.
