3050 4913
532 349 634 416 216

542 509 663 574 Nil
691 528 927 573 moror.

1305 367 1373 416 A.
1422 367 1672 417 PERSII
1722 362 1987 416 mascel

1016 508 1239 592 Euge!
1284 517 1537 587 o'mneS,
1564 531 1795 576 omnes
1823 513 1991 576 bene
2016 512 2206 577 mirae
2234 513 2416 578 eritis
2440 520 2571 580 ree.

542 610 698 675 Hoc
721 611 963 693 juvat‘l
1013 612 1176 690 Hic,
1205 614 1449 695 inquis,
1480 620 1634 678 veto
1663 615 2016 698 quisquam
2046 615 2220 678 faxit
2246 614 2516 681 oletum.

538 712 746 795 Pinge
776 713 944 776 duos
972 734 1254 796 angues:
1300 715 1508 798 pueri,
1539 734 1727 778 sacer
1753 722 1854 779 est
1882 716 2113 779 locus:
2157 721 2345 779 extra

534 879 867 954 eepspulchra.
938 879 1049 955 Non
1082 880 1282 941 impedio
1303 881 1583 943 ᾳυὶἀᾳιιαηιε
1618 882 1730 932 bene
1750 887 1838 930 est.
1911 882 2105 941 Omnia,
2127 883 2303 944 omniu,
2340 882 2564 946 inquam,
2599 885 2738 936 eritis

534 943 666 1018 wolde
684 943 997 1018 admirabilem,
1063 944 1199 993 Istud
1217 947 1403 1007 placet:
1435 948 1552 1008 turc,
1571 947 1661 1008 ais,
1682 946 1920 1009 prohibeo,
1953 962 2011 995 ne
2044 949 2166 995 ullus
2190 946 2350 1005 faciat
2372 952 2564 1023 stes-cum
2636 953 2739 1014 Ap-

527 1020 675 1069 prage
697 1007 825 1056 banos
844 1014 1092 1072 serpentes.
1175 1010 1223 1058 Ο
1245 1010 1460 1073 juvenes,
1489 1016 1655 1060 sancta
1691 1017 1765 1060 ese
1803 1017 1934 1060 terra
1970 1011 2115 1062 haecz
2153 1010 2295 1071 forus
2330 1013 2495 1061 lotum
2529 1014 2738 1065 mittite.

1454 1151 1656 1170 00000

1662 1152 1805 1169 00000

534 1261 635 1311 Ms.
661 1263 723 1312 R.
747 1278 880 1312 ema
903 1263 1003 1312 Ms.
1026 1264 1303 1314 Oak—111
1337 1281 1512 1325 omnes,
1547 1272 1595 1315 et
1633 1267 1758 1316 enim
1791 1267 1904 1320 bene
1940 1270 2043 1320 Ma.
2082 1272 2145 1320 R.
2199 1285 2323 1322 ona.
2345 1271 2517 1320 etenim
2535 1271 2647 1321 bene
2669 1271 2732 1321 C.

530 1341 703 1390 emm,
722 1342 799 1376 res
817 1343 972 1377 omnes
993 1329 1094 1378 Ma.
1116 1328 1232 1380 Gal.
1297 1330 1397 1379 eidi
1416 1331 1493 1379 Ιιίι·
1515 1333 1614 1380 eidi
1635 1333 1732 1383 Ma.
1759 1331 1825 1383 R.

1519 1470 1732 1535 NOTAE

596 1597 686 1642 111
726 1593 920 1657 Omnes,
953 1594 1131 1657 omnes]
1180 1596 1314 1645 Volo
1346 1596 1589 1659 deinceps

529 1670 716 1730 omnia,
738 1671 922 1733 omnia,
943 1672 1168 1736 inquam,
1203 1686 1319 1720 cum
1356 1672 1468 1721 aliis
1502 1671 1591 1720 ad·

526 1745 720 1804 mirari,
743 1755 801 1795 ut
823 1756 879 1795 tu
898 1746 1042 1811 facis,
1063 1755 1118 1796 et
1132 1748 1289 1811 jubes
1310 1764 1392 1798 me
1417 1756 1588 1798 tecum

525 1819 722 1882 facere,
742 1836 773 1870 o
798 1822 1035 1872 monitor.

532 1890 535 1893 ’
592 1897 723 1946 Beue
754 1899 888 1946 miroe
908 1899 1043 1947 eritis
1062 1900 1158 1963 res]
1206 1900 1445 1949 Ridicula
1474 1915 1587 1949 ver-

526 1987 612 2022 sus
652 1973 880 2022 clausula
919 1975 1191 2024 ridiculum
1232 1975 1585 2025 adulatoribus

524 2048 883 2096 consentiendi
929 2050 1192 2098 consilium
1244 2052 1456 2113 egregie
1495 2065 1584 2100 ex·

524 2123 720 2186 primit.
785 2123 948 2173 Juxta
970 2124 1095 2173 illud
1121 2124 1327 2173 Horatii
1354 2139 1584 2189 praecep·

522 2206 631 2248 tum
652 2199 761 2249 Sat.
788 2203 866 2247 10.
892 2198 981 2247 lib.
1003 2212 1038 2248 1.
1069 2202 1083 2227 ‘
1112 2200 1180 2248 Et
1198 2214 1431 2248 sermone
1454 2215 1583 2265 opus

523 2283 605 2324 est
626 2275 777 2324 modo
802 2275 959 2338 tristi,
981 2289 1120 2339 saepe
1135 2276 1346 2338 jocoso:
1388 2274 1586 2324 Defen-

502 2352 683 2401 -dente
727 2351 891 2400 vicem
935 2350 1085 2400 modo
1131 2350 1386 2413 Rhetoris,
1427 2360 1585 2416 atque

521 2426 724 2490 Poeta,
766 2425 1032 2476 Interdum
1089 2425 1268 2474 urbani
1325 2426 1584 2490 parcentis

519 2502 734 2564 viribus,
770 2510 926 2568 atque
962 2503 1302 2552 Extenuantis
1339 2516 1427 2551 eas
1468 2517 1589 2551 con-

520 2578 691 2630 salto!

586 2663 679 2707 112
715 2658 823 2707 Hoc
846 2658 1010 2722 juvat]
1075 2659 1260 2708 Placet
1292 2658 1387 2708 tibi
1412 2674 1582 2708 meum

516 2735 613 2785 hoc
643 2736 978 2800 propositum,
1001 2751 1032 2785 o
1054 2737 1296 2799 monitor,
1318 2736 1449 2785 bene
1478 2743 1579 2786 est.

583 2810 700 2872 Hic,
735 2810 909 2873 inquis,
942 2811 1048 2873 dfe-J
1117 2811 1250 2860 Haec
1273 2811 1352 2859 vel
1378 2819 1466 2860 tua
1495 2813 1579 2860 vel

515 2884 740 2934 Neronis
787 2887 1014 2934 carmina
1068 2887 1280 2936 satirica
1333 2887 1578 2938 libertate

515 2960 695 3008 violari
719 2961 959 3024 prohibes
981 2979 995 3022 3
1029 2961 1096 3012 ab
1120 2963 1193 3011 his
1218 2961 1577 3013 abstinendum

513 3031 703 3101 inquis,
722 3044 780 3086 ut
804 3052 835 3084 a
854 3052 995 3086 sacro
1018 3039 1130 3087 loco
1152 3040 1539 3103 comparcendo
1561 3057 1574 3089 ε

513 3124 641 3175 ergo
678 3118 737 3160 ut
771 3113 1063 3162 sanctitatis
1086 3128 1259 3163 eorum
1284 3114 1578 3178 admo'near,

514 3197 580 3234 ne
620 3200 682 3234 ea
715 3201 929 3250 carpere
963 3188 1082 3235 mihi
1119 3186 1256 3238 forte
1292 3191 1576 3254 contingat,

510 3275 715 3324 appone
734 3269 884 3311 notas
908 3264 1122 3327 aliquas,
1143 3265 1573 3328 quemadmodum

511 3333 565 3384 in
602 3335 728 3385 locis
764 3339 921 3386 sacris
946 3339 1154 3403 appingi
1191 3340 1359 3389 solent
1394 3341 1573 3391 draco·

510 3429 603 3464 nes
624 3422 680 3464 et
702 3423 990 3479 serpentes,
1028 3417 1133 3466 sive
1175 3425 1234 3466 ut
1263 3418 1455 3467 Genios
1494 3435 1572 3468 sa-

509 3506 625 3542 cros
667 3508 727 3541 ac
776 3492 919 3542 Deos
962 3493 1231 3543 Tutelares
1273 3494 1571 3558 exhibeant,

509 3569 617 3617 sive
658 3575 714 3617 ut
754 3568 997 3617 terribilis
1036 3569 1118 3618 illa
1157 3569 1358 3632 species
1396 3578 1572 3620 arceat

507 3643 767 3708 profanos.

577 3723 668 3768 11³
705 3721 860 3782 Pinge
881 3722 998 3769 duos
1017 3720 1214 3786 angues]
1263 3721 1413 3773 Quod
1440 3722 1569 3771 anti-

508 3795 595 3859 qui
620 3796 714 3844 sub
749 3797 922 3860 specie
956 3796 1233 3845 draconum
1268 3804 1323 3846 et
1360 3811 1569 3860 serpen·

507 3875 619 3919 tum
659 3871 912 3919 coluerint
935 3872 1076 3919 Deos
1113 3879 1168 3920 et
1202 3873 1426 3922 locorum
1464 3873 1568 3922 Ge-

504 3945 616 3994 nios
636 3953 834 3994 constat
857 3961 923 3995 ex
945 3947 1215 3997 Herodoto
1256 3948 1291 3997 l.
1314 3962 1438 3998 vm.
1475 3949 1567 3999 ubi

508 4019 574 4069 de
599 4035 765 4082 angue
806 4019 950 4070 Arois
975 4022 1295 4071 Athenarum
1330 4024 1567 4086 custode,

505 4096 728 4160 Deoque
749 4097 980 4146 Tutelari
1020 4099 1179 4147 verba
1212 4097 1358 4149 facit.
1427 4100 1563 4150 Item

500 4169 597 4221 lib.
620 4185 683 4222 11.
722 4172 795 4220 ait
835 4173 973 4222 circa
1006 4174 1207 4223 Thebas
1245 4189 1419 4224 sacros
1449 4190 1563 4226 esse

503 4255 793 4312 serpentes,
828 4249 916 4313 qul
952 4250 1143 4300 mortui
1177 4250 1232 4301 in
1271 4250 1416 4301 Jovis
1451 4252 1562 4303 aede

1669 1598 2005 1660 sepeliantur.
2075 1599 2220 1648 Nota
2247 1599 2403 1647 etiam
2426 1604 2506 1647 est
2521 1597 2733 1649 historia

1669 1675 1735 1724 de
1769 1684 2011 1738 serpente
2053 1675 2334 1740 Epidaurio
2374 1675 2592 1724 devecto
2628 1676 2733 1724 Ro·

1668 1765 1822 1812 mam,
1841 1759 1896 1800 et
1916 1757 2182 1799 exstructa
2201 1750 2311 1800 aede
2335 1751 2480 1800 culto
2501 1750 2610 1799 illic
2633 1765 2731 1813 pro

1667 1827 1984 1891 AEsculapio,
2013 1827 2079 1876 de
2103 1842 2205 1892 quo
2228 1827 2340 1889 lege
2370 1826 2480 1876 Tit.
2501 1825 2615 1874 Liv.
2640 1826 2731 1875 lib.

1669 1913 1726 1951 x.
1774 1903 1999 1965 Florum,
2039 1903 2127 1951 lib.
2169 1915 2247 1952 τι.
2332 1901 2636 1950 Pausaniam
2673 1902 2730 1951 in

1667 1977 2045 2027 Corinthiacis:
2081 1985 2136 2027 et
2157 1977 2300 2028 alios.
2369 1976 2611 2041 Virgilius
2643 1990 2736 2025 au·

1667 2059 1773 2100 tem
1795 2052 1995 2101 AEneid.
2024 2066 2075 2101 v.
2100 2057 2181 2102 82.
2223 2060 2488 2117 postquam
2525 2066 2592 2099 ex
2624 2051 2734 2101 An·

1665 2127 1820 2177 chisae
1842 2130 2039 2178 tumulo
2062 2143 2279 2191 anguem
2302 2128 2489 2177 exiisse
2526 2129 2731 2192 retulit,

1663 2203 1926 2268 subjungit
1969 2204 2033 2252 de
2081 2203 2260 2266 AEnea,
2300 2205 2317 2231 ‘
2339 2203 2576 2252 Incertus
2622 2203 2731 2253 Ge-

1666 2279 1870 2328 uiumne
1896 2279 1994 2329 loci
2013 2278 2325 2329 famulumne
2348 2280 2576 2342 parentis
2595 2281 2729 2331 Esse

1663 2356 1848 2419 putet.'
1917 2356 2226 2421 Propertius
2249 2357 2396 2418 Eleg.
2421 2370 2496 2405 w.
2523 2359 2570 2403 8.
2592 2358 2607 2382 ‘
2630 2357 2729 2405 La·

1662 2430 1874 2480 nuvium
1896 2432 2072 2482 annosi
2095 2436 2243 2480 vetus
2284 2442 2363 2480 est
2397 2431 2559 2480 tutela
2589 2430 2730 2480 Dra*

1662 2509 1839 2558 conis?
1930 2509 2069 2558 Hine
2105 2524 2228 2571 ergo
2268 2516 2349 2557 est
2389 2507 2522 2571 quod
2565 2507 2731 2556 sacris

1662 2584 1794 2634 locis
1837 2585 2134 2634 Draconum
2173 2583 2349 2647 figura:
2388 2583 2730 2647 appingereu-

1662 2666 1765 2720 tur,
1785 2668 1845 2709 ut
1865 2666 2042 2709 auctor
2066 2666 2146 2708 est
2181 2656 2454 2706 Turnebus
2487 2669 2616 2706 xm.
2641 2661 2725 2706 12.

1661 2742 1715 2784 et
1737 2749 1851 2785 nv.
1874 2740 1923 2784 Δ.
1964 2735 2052 2785 ubi
2091 2744 2147 2785 et
2183 2737 2352 2784 locum
2388 2735 2521 2785 hunc
2551 2734 2726 2784 Persii

1661 2808 1831 2861 affert.
1897 2810 2003 2859 Cur
2022 2811 2242 2876 denique
2280 2812 2374 2860 sub
2412 2812 2587 2874 specie
2617 2826 2727 2860 ser·

1661 2896 1874 2951 pentum
1927 2895 2082 2953 atque
2140 2889 2437 2950 draconum,
2492 2890 2725 2938 locorum

1661 2962 1874 3024 Genios,
1915 2977 1977 3011 ac
2032 2965 2193 3024 Deos,
2240 2963 2543 3028 Heroasque
2584 2965 2723 3013 cole·

1659 3047 1795 3099 rent,
1819 3040 2208 3103 pingerentque,
2245 3039 2478 3088 Mat-rob.
2508 3040 2720 3091 Saturna

1656 3127 1694 3162 1.
1719 3118 1797 3165 2⁰.
1823 3116 2069 3164 rationem
2091 3115 2294 3163 videtur
2312 3115 2586 3178 attingere,
2601 3129 2721 3164 cum

1652 3189 1745 3251 ait,
1777 3188 1895 3238 ideo
1917 3189 2106 3238 Salutis
2129 3197 2183 3238 et
2206 3188 2485 3253 AEsculapii
2516 3190 2723 3239 simula-

1653 3267 1754 3315 cris
1785 3266 1993 3330 appingi
2033 3266 2315 3315 draconum
2354 3265 2561 3329 figuras,
2597 3266 2721 3331 quia

1653 3349 1903 3404 praestant
1939 3350 1998 3391 ut
2041 3341 2255 3392 humana
2303 3356 2534 3406 corpora,
2573 3343 2720 3392 velut

1650 3416 1963 3467 infirmitatis
1987 3419 2123 3482 pelle
2147 3418 2402 3482 deposita,
2443 3418 2509 3466 ad
2547 3420 2720 3481 pristi-

1649 3506 1770 3541 num
1793 3493 2110 3543 revirescant
2143 3495 2392 3557 vigorem,
2416 3493 2548 3543 sicut
2584 3494 2718 3543 revi-

1649 3576 1858 3616 rescunt
1880 3566 2130 3617 dracones
2158 3583 2253 3632 per
2282 3583 2438 3617 annos
2473 3569 2719 3634 singulos,

1648 3642 1783 3706 pelle
1821 3645 2103 3692 senectutis
2144 3653 2317 3695 exuta.
2402 3644 2554 3694 Unde
2596 3660 2717 3695 con·

1649 3718 1860 3767 cludere
1903 3719 2061 3779 licet3
2117 3725 2404 3783 serpentes,
2457 3734 2520 3768 eo
2576 3719 2716 3783 quod

1648 3793 1809 3842 veluti
1832 3795 2101 3857 quotannis
2126 3795 2492 3859 juvenescunt,
2512 3791 2719 3846 immor-¹

1648 3870 1903 3920 talitatem
1949 3871 2080 3921 bene
2124 3871 2430 3935 significare,
2471 3872 2610 3921 Deos
2658 3881 2717 3922 et

1648 3945 1850 3994 Heroas
1874 3945 2068 4008 optime
2091 3944 2375 4010 designare,
2395 3962 2457 3995 ac
2477 3955 2715 4010 propter-

1646 4035 1709 4069 ea
1743 4021 1867 4070 locis
1905 4021 2064 4070 sacris
2102 4021 2333 4086 appingi.
2400 4022 2714 4072 Plutarchus

1643 4097 1793 4146 aliam
1818 4095 1971 4147 affert
1993 4112 2220 4160 causam,
2243 4097 2335 4146 sed
2358 4113 2473 4148 meo
2504 4098 2711 4164 judicio

1642 4174 1791 4222 valde
1814 4172 2032 4235 futilem,
2067 4174 2119 4222 in
2158 4174 2280 4222 Vita
2317 4174 2607 4223 Cleomenis
2643 4175 2710 4226 ad

1642 4248 1816 4315 finem,
1836 4250 1925 4300 ubi
1946 4256 2124 4300 narrat
2146 4248 2237 4299 fixi
2272 4250 2326 4301 ln
2364 4264 2524 4301 cruce
2559 4243 2711 4302 Cleo&
