3050 4913
549 373 721 441 1248
1227 389 1615 439 aecensus
1665 388 2092 438 emmonim

554 544 743 595 vetere
795 534 1057 597 editione
1106 533 1388 593 collatum
1444 552 1587 602 esse,
1669 530 1909 591 tradunt
1959 540 2233 591 auctores
2301 532 2767 611 Ephemeridum

551 629 950 698 literariarum,
983 648 1117 707 quae
1153 627 1509 687 Germanice
1547 627 1723 687 editae
1766 636 1902 687 suut.
1945 627 2110 706 Lips.
2163 637 2338 696 1710.
2370 649 2432 708 p.
2464 628 2603 692 603.
2691 648 2767 690 x.

553 729 632 788 D.
678 724 1236 786 CHRISTIANUS
1280 723 1651 792 REITZER‚
1683 723 1782 800 qui
1814 723 1872 782 in
1917 724 2174 784 animum
2217 724 2545 796 induxerat,
2590 728 2778 786 Juve—

552 823 740 883 nalem
764 841 1063 881 recensere
1077 820 1149 879 ad
1182 818 1358 879 fidem
1384 819 1563 877 codd.
1589 820 1737 878 Mss.
1761 830 1819 878 et
1839 819 2073 879 Hafuiae
2093 842 2225 880 eum
2249 822 2400 883 notis
2417 824 2610 883 edere.
2655 840 2762 882 xt.

549 919 667 980 JO.
699 918 1009 979 GOTTL.
1043 918 1235 977 SAM.
1260 916 1667 986 SCHWABE,
1688 916 1901 976 ductus
1933 918 2166 977 Phaedri
2197 920 2408 990 editor,
2436 933 2495 979 et
2524 920 2767 980 Scholae

553 1015 691 1075 olim
734 1014 1186 1075 Buttstadiensis
1227 1015 1470 1082 Rector,
1510 1031 1672 1071 nunc
1702 1013 2012 1092 Gymnasii
2042 1015 2397 1075 vinariensis
2427 1017 2766 1088 corrector,

442 1168 451 1173 ,
554 1113 658 1191 qui
691 1112 822 1189 jam
862 1110 1063 1189 viginti
1100 1111 1317 1170 abhinc
1366 1110 1533 1169 annis
1578 1130 1787 1169 novam
1833 1111 2131 1171 =luvenalis
2171 1113 2482 1172 editionem
2530 1114 2771 1192 publice

553 1209 921 1290 promiserat,
965 1208 1067 1268 sed
1110 1228 1283 1269 omne
1323 1228 1480 1268 nunc
1521 1208 1744 1284 abjecit
1781 1208 2110 1266 consilium.
2200 1212 2290 1269 De
2319 1210 2448 1285 ejus
2475 1219 2769 1288 apparatu

552 1306 756 1371 critico
811 1305 931 1365 vid.
977 1304 1083 1365 ins.
1138 1306 1196 1364 iu
1251 1305 1453 1364 Indice
1503 1303 1699 1364 Codd.
1754 1305 1904 1364 Mss.
2015 1321 2147 1364 xit.
2192 1307 2547 1377 CRAMER,
2598 1307 2762 1367 Prof.

555 1404 692 1464 olim
725 1403 926 1463 Kilon.
977 1423 1152 1481 quem
1202 1402 1306 1463 diu
1333 1404 1462 1479 jam
1513 1403 1571 1461 in
1625 1402 1906 1462 Juvenale
1953 1401 2189 1462 edendo
2234 1404 2526 1463 laborasse
2576 1423 2772 1483 nuper·

557 1498 1103 1561 rescivi.——-Novam
1161 1519 1314 1559 nunc
1366 1499 1666 1560 Juvenalis
1720 1498 2056 1569 editionem,
2117 1518 2252 1577 quae
2307 1500 2646 1578 propediem
2706 1502 2770 1559 in

555 1597 899 1657 collectione
924 1604 1227 1675 poetarum
1256 1597 1614 1669 Latinorum,
1637 1597 1694 1655 in
1714 1616 1884 1655 usum
1907 1596 2236 1656 scholarum
2260 1597 2484 1673 junctis
2511 1596 2772 1657 virorum

555 1694 868 1755 doctorum
924 1693 1128 1754 studiis
1197 1695 1607 1772 sumtibusque
1660 1693 2048 1754 Goeschia'nis
2106 1693 2321 1773 Lipsiae
2384 1693 2774 1765 edendorum,

554 1791 842 1868 prodibit,
876 1790 1189 1849 meditatur
1217 1790 1308 1850 Cl.
1342 1790 1603 1859 Gur-litt,
1633 1788 1794 1849 Prof.
1819 1800 1878 1850 et
1908 1790 2181 1849 Director
2199 1791 2422 1850 scholae
2439 1790 2771 1870 Bergensis,

556 1889 730 1965 quus
760 1907 998 1965 oporam
1030 1887 1184 1946 haud
1216 1885 1398 1945 dubie
1429 1887 1772 1964 praeclaram
1801 1885 2014 1964 cupide
2039 1898 2439 1966 expectamus.

639 1986 770 2046 Alia
815 1984 1062 2056 lnedita,
1107 2003 1241 2061 quae
1278 1982 1354 2042 ad
1394 1981 1735 2042 Juvenalem
1782 1982 2188 2042 illustrandum
2236 1984 2544 2061 pertinent,
2590 1994 2772 2044 sunt:

562 2093 618 2142 1.
664 2082 1108 2142 Observationes
1147 2079 1418 2158 quedam
1473 2079 1649 2139 Frid.
1709 2080 2050 2140 ‚Brammeri
2101 2080 2429 2159 Lipsiensis
2472 2090 2530 2140 et
2583 2083 2777 2141 mrioe

558 2178 828 2238 lectiones
852 2197 883 2236 e
909 2176 1082 2238 codd.
1130 2177 1428 2237 Gudianis
1447 2178 1718 2257 ascriptae
1751 2177 1988 2256 margini
2017 2176 2291 2237 editionis
2321 2178 2771 2250 Sebrevelianae,

560 2274 722 2353 quod
753 2275 1053 2353 exemplar
1080 2274 1216 2334 olim
1247 2274 1507 2334 habebat
1547 2273 1865 2334 Fabricius.
1954 2283 2012 2337 2.
2052 2273 2204 2334 Jani
2254 2275 2482 2334 Dousae
2530 2274 2776 2335 Proeci-

560 2371 749 2434 danea
790 2373 857 2430 in
896 2370 1254 2443 Juvenalem,
1284 2391 1419 2449 quae
1450 2371 1549 2430 ubi
1575 2371 1797 2430 lateant
1825 2389 1940 2429 000
1971 2371 2161 2431 habeo
2188 2371 2416 2431 dicere.
2488 2378 2548 2431 3.
2593 2371 2776 2433 Frid.

562 2468 1007 2550 Lindenbrogii
1051 2469 1608 2536 annotatiunculae3
1645 2469 1728 2529 de
1783 2469 2002 2546 quibus
2047 2491 2102 2528 v.
2149 2490 2282 2548 sup.
2328 2469 2401 2529 ad
2439 2469 2583 2533 edit.
2629 2470 2778 2530 Hei-

561 2567 825 2648 delberg.
891 2575 1063 2639 1590.
1151 2577 1206 2628 4.
1272 2569 1466 2628 Henr.
1525 2567 1785 2628 Sclaaevit
1833 2566 2228 2645 paraphrasis
2283 2566 2530 2638 Latina,
2586 2587 2773 2644 quam

559 2664 915 2744 vulgandam
945 2674 1247 2743 receperat
1278 2663 1431 2723 Frid.
1464 2663 1784 2733 Redtelius‚
1817 2664 1983 2723 Corr.
2015 2664 2249 2723 Sclnolae
2279 2664 2647 2735 Stetinensis3
2695 2665 2776 2725 de

562 2783 683 2840 quo
713 2782 767 2821 v.
800 2763 971 2821 Nova
1010 2761 1261 2820 literaria
1309 2761 1482 2818 maris
1523 2759 1776 2819 Batthici
1813 2777 1868 2818 0.·
1922 2768 2098 2827 1702.
2143 2780 2276 2840 pag.
2316 2769 2415 2829 73.
2501 2768 2558 2820 5.
2590 2761 2772 2824 Frid.

564 2856 858 2937 Rappoui
887 2856 1317 2917 Praelectiones
1341 2858 1415 2916 in
1432 2857 1773 2917 Juvenaeem
1785 2864 1850 2916 et
1883 2858 2181 2928 Persium,
2212 2878 2356 2937 quas
2383 2859 2643 2917 laudavit
2668 2860 2772 2920 Jo.

560 2957 717 3013 Sam.
748 2953 1012 3013 Adamus
1041 2953 1097 3012 in
1132 2953 1306 3013 Praef.
1352 2954 1428 3013 ad
1472 2973 1653 3031 germ.
1702 2954 1965 3033 metaph.
2012 2956 2191 3014 Persii
2236 2956 2447 3022 Dresd.
2505 2956 2678 3026 1674.
2713 2967 2773 3018 8.

503 3042 509 3050 ’
561 3053 622 3112 6.
669 3052 930 3112 Reinesii
973 3054 1384 3112 annotationes
1425 3051 1510 3112 ad
1542 3052 1887 3130 Juvenalem
1928 3053 2111 3130 ipsius
2155 3072 2329 3111 manu
2370 3054 2648 3131 ascriptae
2689 3055 2773 3114 ad

562 3149 876 3228 marginem
932 3149 1223 3220 editionis,
1270 3171 1403 3230 quae
1447 3161 1608 3210 extat
1651 3152 1708 3210 in
1761 3151 2044 3211 Biblioth.
2097 3152 2346 3221 Cizensi,
2406 3153 2502 3211 cui
2556 3163 2780 3231 praeest:

562 3247 804 3307 doctis&
852 3248 1068 3307 Miiller
1096 3250 1229 3308 ΛΑ.
1258 3250 1376 3306 LL.
1413 3250 1498 3307 M.
1532 3259 1589 3308 et
1619 3250 1839 3308 Rector
1868 3249 2100 3308 Scholae
2132 3249 2309 3326 liujus
2340 3250 2620 3310 Misuicae.
2709 3260 2772 3318 7.

568 3343 868 3403 Guntloeri
914 3343 1160 3404 Hem-ici
1208 3343 1525 3403 Platlmeri
1577 3344 1923 3405 lactionum
1971 3345 2349 3406 duvenalium
2402 3347 2580 3406 Libri
2624 3364 2685 3408 v.
2713 3368 2773 3407 a.

570 3440 743 3509 1637.
775 3441 998 3518 scripti,
1029 3441 1130 3519 qui
1169 3452 1475 3501 servantur
1517 3443 1576 3501 in
1618 3443 1904 3503 Biblioth.
1946 3445 2249 3516 Gothana,
2290 3455 2349 3502 et
2386 3464 2419 3502 a
2453 3444 2603 3504 Viris
2639 3446 2776 3506 Cel.

568 3539 840 3602 Geislero
867 3550 927 3599 et
975 3539 1315 3614 Doeringio,
1366 3561 1500 3619 quae
1546 3559 1772 3601 summa
1815 3563 2018 3602 eorum
2057 3543 2459 3601 benevolentia
2499 3551 2607 3613 est,
2653 3542 2777 3603 una

570 3656 704 3697 cum
752 3637 987 3697 duobus
1032 3637 1213 3696 codd.
1259 3640 1402 3697 Mss.
1448 3640 1748 3699 Cottianis
1784 3641 1859 3698 ad
1901 3660 1994 3699 me
2019 3641 2190 3698 missi
2220 3649 2374 3710 sunt,
2404 3639 2505 3698 sed
2537 3660 2779 3719 magno-

562 3751 701 3808 pere
728 3734 1057 3795 fefellerunt
1086 3755 1246 3813 spem
1282 3757 1499 3796 meam.
1585 3740 1692 3798 Est
1730 3739 1884 3796 enim
1920 3737 2277 3797 ventriosum
2308 3747 2532 3816 quartae
2566 3737 2777 3797 formae

569 3829 859 3903 volumen,
894 3831 952 3890 in
982 3853 1100 3910 quo
1135 3834 1318 3894 multa
1348 3845 1485 3893 sunt
1512 3834 1714 3905 docta,
1749 3843 1808 3892 et
1838 3832 2111 3910 quaedam
2142 3834 2360 3893 utiliter
2387 3836 2629 3905 monita,
2663 3836 2775 3894 sed

564 3926 843 4004 pleraque
872 3929 963 3987 vel
995 3929 1159 3999 falsa,
1188 3932 1276 3989 vel
1309 3932 1480 3990 nimis
1510 3944 1717 4009 arguta
1743 3942 1804 3991 et
1830 3933 2037 4002 aliena,
2077 3952 2238 3991 more
2267 3933 2433 3992 istius
2462 3935 2575 3993 aevi
2604 3943 2666 3993 et
2693 3934 2780 3992 ad

566 4021 805 4082 modum
865 4025 1068 4084 Pitisci
1124 4037 1419 4107 congesta,
1480 4048 1618 4106 quae
1676 4029 1857 4106 magis
1903 4031 1985 4089 ad
2039 4028 2422 4109 antiquitates
2477 4032 2790 4091 Romanus·

565 4118 1038 4197 christianaeque
1077 4124 1453 4201 exponendas
1499 4124 1809 4201 pertinent,
1865 4146 2041 4204 quam
2100 4126 2175 4185 ad
2234 4128 2781 4205 interpretationem

564 4223 779 4294 poetae,
812 4218 913 4297 qui
952 4237 1116 4280 vanae
1162 4230 1388 4282 tantum
1432 4222 1778 4283 eruditionis
1825 4224 2192 4298 ostentandae
2235 4224 2787 4305 expromendaeque
