3050 4913
680 984 1146 1083 NOTAE
1226 920 2161 1106 vAm‘mwM,

1278 1285 1404 1355 etc.

343 2010 603 2074 Prologus]
626 2009 853 2062 Estvere
867 2010 968 2063 hoe
987 2026 1193 2064 carmen
1207 2013 1374 2078 dupli·

315 2086 393 2136 eis
412 2087 722 2152 argumenti,
734 2094 795 2139 nt
810 2095 867 2139 et
888 2097 1065 2154 partes
1092 2092 1228 2141 illins
1251 2099 1373 2142 sunt

312 2162 449 2226 duae,
508 2178 747 2216 versuum
802 2166 968 2217 amboe
1020 2174 1369 2233 septenorum.

310 2236 474 2295 Primi
492 2246 694 2303 septem
718 2253 894 2291 versus
932 2242 1150 2293 mixtum
1178 2244 1373 2295 habent

309 2321 697 2377 argumentnmz
732 2315 800 2366 de
830 2331 888 2366 se
913 2318 1051 2369 enim
1080 2319 1189 2384 agit
1204 2320 1371 2371 Poeta

307 2388 676 2453 προηγουμένας,
716 2391 886 2444 obiter
910 2408 1033 2447 vero
1063 2395 1130 2447 de
1164 2395 1372 2463 aeqnali-

306 2465 402 2517 bns
427 2467 520 2518 sibi
537 2467 739 2532 Poetis,
761 2485 890 2534 qnos
909 2471 1169 2523 traducit:
1197 2479 1369 2537 poste·

306 2542 469 2593 riores
506 2550 709 2610 septem
731 2560 923 2598 meram
955 2550 1222 2600 continent
1244 2550 1369 2600 alio·

305 2632 417 2672 rum
439 2619 721 2672 Poetarum
743 2623 1053 2676 irrisionem.
1088 2625 1368 2690 Singularis

304 2694 574 2747 modestiae
597 2704 698 2761 est,
718 2700 858 2765 quod
875 2708 1034 2766 negat
1047 2716 1103 2751 se
1119 2702 1365 2754 Poetamz

306 2772 549 2839 qnodque
570 2785 627 2824 se
649 2775 717 2825 ad
740 2783 935 2827 tantam
967 2778 1182 2842 gloriam
1203 2792 1271 2828 ne
1293 2794 1370 2829 as-

305 2848 480 2912 pirare
517 2850 724 2916 quidem
765 2850 995 2902 fatetur:
1050 2858 1108 2906 et
1156 2854 1368 2917 praemia

303 2923 484 2977 Poetis
528 2925 711 2977 debita
750 2928 864 2978 aliis
898 2943 1048 2995 aeqno
1083 2929 1254 2987 animo
1287 2943 1366 2980 re·

300 2998 555 3067 linquere.
583 3004 786 3054 Camb-
1360 3057 1363 3060 ,

368 3082 395 3127 1
432 3080 536 3132 Nee
545 3079 688 3141 fonte
708 3080 860 3143 labm,
881 3081 988 3145 ξω]
1018 3081 1107 3133 Sic
1121 3081 1255 3132 enim
1272 3096 1366 3139 sue

302 3159 571 3218 extenuat,
615 3162 675 3206 nt
706 3157 857 3207 simul
895 3159 1186 3222 ineptorum
1207 3159 1366 3209 homi·

302 3245 423 3282 nnm
459 3230 653 3284 fastum
691 3234 935 3284 retundat
958 3242 1014 3285 et
1039 3236 1236 3286 urbane
1257 3251 1366 3287 cas·

300 3308 451 3372 tiget.
489 3310 635 3360 Nota
670 3310 880 3360 Horatii
912 3325 1012 3360 non
1048 3309 1176 3360 falsa
1199 3312 1366 3375 queri·

297 3386 498 3436 monia:
554 3389 569 3415 ‘
585 3386 872 3442 ,Scribimus
896 3386 1094 3436 indocti
1117 3387 1364 3453 doctique

297 3460 540 3525 poemata
559 3462 784 3526 passim)
819 3463 1006 3512 Tulere
1028 3464 1125 3514 boc
1152 3463 1362 3528 indigne

297 3536 516 3601 legitimi
540 3539 806 3589 Musarum
822 3545 1001 3603 mystae
1023 3555 1036 3588 :
1058 3539 1145 3603 qni
1162 3539 1360 3589 illarum

296 3627 444 3672 sacra
463 3615 597 3672 adeo
626 3615 765 3673 foede
805 3616 965 3681 pollui
989 3629 1091 3665 non
1117 3622 1361 3680 poterant

296 3704 399 3745 non
430 3692 621 3742 dolere.
644 3747 647 3750 ,
669 3692 824 3747 Quod
843 3693 999 3756 igitur
1022 3693 1353 3750 aitPersius3

293 3767 451 3822 {Nec
489 3768 637 3821 fonte
673 3769 818 3823 labra
846 3769 1013 3834 prolui
1050 3768 1306 3830 caballino
1323 3767 1359 3817 :⁹

293 3857 399 3896 non
421 3852 579 3909 negat
611 3846 825 3908 praecise
855 3844 1057 3906 modico
1082 3859 1136 3893 se
1172 3845 1359 3895 haustu

294 3919 456 3971 fontis
472 3923 607 3974 sacri
624 3923 890 3973 Musarum
914 3919 1070 3973 fuisse
1086 3926 1319 3983 potatum
1340 3935 1358 3982 ς

292 3995 507 4048 vixdum
550 3996 681 4048 fonti
715 3997 950 4060 Pegaseo
1006 3994 1152 4049 labra
1184 3996 1360 4045 admo-

293 4071 461 4123 visse:
497 4074 590 4124 sed
622 4087 712 4123 eos
749 4072 950 4136 irridet,
971 4073 1058 4137 qui
1082 4071 1247 4122 videri
1270 4087 1358 4122 vo-

292 4149 473 4201 lebant
518 4158 685 4203 totum
727 4152 870 4202 illum
908 4150 1220 4201 exhausisse.
1286 4150 1358 4200 Et

292 4226 511 4281 fortasse
565 4228 808 4297 privatim
857 4228 1111 4296 quendam
1166 4227 1355 4292 tangit,

1447 1286 1568 1367 ἕως

1444 2016 1534 2081 qni
1551 2016 1656 2067 tale
1671 2014 1794 2081 qnid
1817 2015 1885 2065 de
1905 2030 1962 2065 se
1984 2013 2330 2077 νεανικότερον,
2346 2006 2511 2064 seculi

1443 2091 1576 2142 vitio
1630 2106 1767 2154 usus,
1812 2091 2122 2155 jactaverat.
2202 2088 2360 2139 Aliud
2412 2095 2511 2151 est,

1444 2167 1650 2218 modice
1694 2167 1761 2219 de
1805 2165 1953 2216 fonte
1991 2166 2209 2227 bibere3
2243 2164 2399 2228 aliud,
2441 2164 2509 2213 de

1442 2242 1591 2293 fonte
1612 2243 1868 2307 proluere.
1889 2238 2510 2303 Cambonus.-Nec,s·c.]

1445 2318 1509 2368 Id
1534 2325 1634 2382 est,
1665 2320 1777 2383 Ego
1823 2317 2035 2368 Persius
2065 2318 2261 2366 nullum
2300 2329 2510 2380 prorsus

1444 2410 1565 2446 cum
1603 2396 1770 2446 Musis
1809 2394 2174 2445 commercium
2195 2392 2379 2455 habeo,
2408 2406 2510 2443 nec

1444 2486 1577 2523 nnus
1620 2472 1823 2521 illorum
1861 2486 1992 2536 sum,
2011 2471 2097 2535 qui
2118 2469 2311 2534 egregii
2335 2470 2512 2520 Musa·

1442 2563 1555 2598 rum
1578 2556 1700 2599 sunt
1718 2549 1888 2613 amici,
1922 2547 2085 2613 qualis
2104 2545 2205 2595 fnit
2226 2545 2508 2609 Hesiodus,
2608 2551 2612 2556 “

1442 2631 1499 2675 et
1538 2626 1750 2687 Ennius,
1788 2632 1848 2675 nt
1889 2624 1977 2691 qui
2008 2623 2156 2673 labra
2199 2637 2313 2672 mea
2349 2620 2509 2676 fontis

1444 2700 1682 2765 Pirenes‚
1704 2702 1941 2767 Pegasei‚
1981 2701 2062 2750 vel
2086 2699 2327 2749 caballini
2351 2713 2506 2764 aqna,

1442 2776 1672 2828 bibendo
1711 2792 1969 2844 nunqnam
2006 2773 2263 2830 madefeci
2295 2774 2375 2823 vel
2399 2774 2507 2823 irri-

1440 2854 1814 2917 gun—Fonte,
1830 2855 1937 2919 ξω]
1951 2853 2075 2903 Peri
2084 2851 2278 2915 phrasis
2294 2856 2376 2902 est
2393 2848 2506 2900 fon-

1440 2930 1529 2991 tis,
1551 2930 1639 2994 qni
1662 2928 1862 2981 Groecis
1886 2925 2161 2992 ἱποκρὴνη,
2190 2925 2334 2991 quasi
2360 2925 2505 2976 dicas

1438 3005 1561 3072 eqni
1598 3003 1730 3070 fons,
1762 3004 1974 3067 (licitur,
2007 3010 2062 3053 et
2097 3003 2223 3053 alias
2264 3002 2507 3067 Pegaseas

1440 3081 1754 3146 appellatur,
1787 3097 1851 3132 eo
1872 3081 2008 3147 quod
2032 3096 2194 3146 equus
2216 3080 2380 3130 alatus
2401 3079 2504 3128 Pe-

1441 3172 1611 3221 gasus,
1650 3173 1770 3209 cum
1825 3159 1879 3207 in
1928 3162 2155 3210 montem
2199 3153 2509 3217 Heliconem

1439 3234 1714 3297 evolasset,
1736 3233 1928 3298 ungula
1938 3247 2117 3284 saxum
2134 3230 2347 3296 feriens,
2384 3244 2506 3292 eunt

1438 3310 1699 3374 aperuisse
1744 3309 1975 3360 creditus
2015 3308 2100 3369 sit,
2167 3307 2302 3358 Vide
2343 3306 2505 3358 Ovid.

1439 3386 1582 3448 Fast-
1606 3399 1693 3437 ιιι.
1718 3386 2005 3449 Metam.v.
2048 3383 2285 3440 Plinxrv.
2300 3385 2353 3434 7.
2386 3381 2503 3446 Hy·

1437 3461 1630 3524 ginum.
1699 3461 1829 3511 Erat
1864 3475 1987 3523 ergo
2011 3459 2094 3508 bic
2124 3457 2238 3507 fons
2274 3457 2326 3506 in
2352 3451 2503 3513 Heli·

1437 3552 1568 3588 cone
1589 3538 1808 3588 Boeotiae
1845 3543 2020 3587 monte
2059 3532 2276 3598 Pliocidi
2299 3530 2498 3581 vicinus

1425 3615 1582 3679 juxta
1601 3615 1819 3675 Thebas,
1851 3627 1954 3662 non
1977 3610 2153 3677 procul
2173 3624 2204 3674 a
2222 3607 2500 3672 Parnasso,

1435 3690 1670 3756 Apollini
1685 3700 1742 3740 et
1753 3689 1919 3740 Musis
1932 3701 2095 3737 sacer.
2136 3684 2501 3736 Latin—Pro-

1433 3768 1523 3831 lui]
1561 3770 1679 3818 Non
1713 3768 1909 3817 aurium
1946 3773 2093 3813 tenus
2131 3761 2500 3827 ingurgitando

1434 3843 1676 3907 immersi,
1711 3857 1814 3900 non
1851 3842 2003 3906 plane
2047 3839 2191 3889 hausi
2229 3839 2498 3895 Musarum

1432 3919 1624 3982 fontes,
1669 3919 1770 3976 imo
1802 3919 1885 3967 vix
1910 3919 2086 3980 primis
2111 3916 2318 3982 quidem
2336 3917 2498 3968 labris

1432 3996 1630 4045 fontem
1682 3995 1971 4059 Pegaseum
2027 3994 2214 4044 leviter
2260 3993 2498 4057 attigi.—

1431 4073 1589 4123 Bond.
1644 4071 2131 4136 Fm.-cabau⁸·no]
2196 4068 2346 4126 Dicit
2391 4082 2495 4116 non

1431 4150 1616 4215 equino,
1647 4150 1766 4215 quia
1802 4146 2153 4199 contemnenti
2189 4151 2244 4200 et
2280 4143 2492 4195 subsan-

1431 4228 1580 4280 nanti
1626 4243 1690 4280 ea
1743 4242 1845 4278 vox
1884 4230 1998 4277 erat
2035 4224 2221 4290 aptior.
2289 4218 2490 4270 cmub.
