3050 4913
502 316 632 382 134

504 482 909 546 Sambucam
939 481 1140 546 citius
1167 482 1388 546 caloni
1418 484 1753 565 aptaveris
1784 484 1944 549 alto.

1264 335 1334 382 A.
1387 337 1424 381 Ρ
1440 336 1633 384 ERSu
1685 336 1946 387 FLAcct

2629 485 2718 549 95

505 584 655 648 Stat
681 587 908 648 contra
938 583 1131 660 ratio,
1159 589 1226 647 et
1256 594 1583 648 secretam
1616 586 1845 666 gannit
1874 586 1940 647 in
1970 604 2220 662 aurem,

503 766 780 831 proecipt'tis.
849 766 1036 815 Caenia
1064 782 1254 830 procero
1264 765 1466 825 facilius
1486 765 1852 816 accommodabis
1887 767 2140 815 citharam.
2211 767 2358 815 Ratio
2380 774 2637 832 repugnet,
2670 774 2718 819 et

1506 935 1720 988 NOTAE

508 1048 646 1113 ritoe]
675 1050 748 1097 'Pe
772 1048 865 1097 tibi
890 1049 1203 1113 relinquere,
1226 1049 1411 1098 idoneo
1431 1049 1576 1097 velut

511 1140 574 1175 ac
601 1126 770 1189 perito
808 1126 896 1173 τοῦ
927 1123 1117 1186 ἀνέχειν
1149 1125 1227 1175 καὶ
1256 1126 1342 1173 τοῦ
1362 1123 1578 1186 ἀπέχειν,

511 1203 808 1253 discernere
865 1211 1067 1253 rectum
1125 1205 1243 1253 vitae
1304 1219 1576 1268 rerumque

511 1295 679 1340 usum,
722 1280 845 1345 qnid
887 1279 1205 1343 fugiendum,
1245 1280 1367 1345 quid
1412 1280 1578 1329 indul·

511 1356 733 1419 gendum
756 1357 854 1406 tibi
873 1363 927 1406 et
949 1357 1091 1419 aliis;
1126 1358 1352 1421 nihilque
1373 1363 1579 1421 optare,

512 1433 639 1481 nihil
674 1441 927 1495 metuere,
967 1433 1063 1482 nisi
1101 1449 1167 1482 ex
1206 1434 1417 1483 rationis
1447 1448 1578 1497 prae-

512 1509 724 1572 scripto.
797 1510 926 1559 Haec
948 1510 1148 1559 lubrica
1184 1511 1410 1574 quidem,
1445 1511 1579 1574 rapi·

513 1586 602 1648 da,
623 1584 783 1634 ardna
808 1594 957 1635 sunt:
992 1586 1104 1636 haec
1126 1601 1227 1635 non
1250 1586 1456 1637 confert
1478 1603 1582 1639 una

513 1661 763 1711 Praetoris
783 1664 1005 1726 vertigo,
1030 1670 1084 1713 et
1109 1663 1279 1712 brevis
1299 1666 1580 1714 circumac-

515 1739 621 1800 tio;
671 1738 763 1787 sed
801 1741 958 1804 longa
1007 1741 1289 1804 sedulaque
1343 1742 1582 1805 Magistri

515 1828 714 1864 morum
733 1813 1008 1866 institutio.
1075 1816 1126 1865 ls
1147 1816 1580 1881 eerte‘postquam

515 1892 568 1941 in
593 1891 731 1941 omni
756 1892 1001 1941 virtutum
1028 1907 1219 1955 genere
1244 1894 1329 1943 diu
1356 1903 1411 1943 te
1434 1910 1581 1944 exer·

518 1966 689 2016 cuerit
723 1975 776 2016 et
800 1965 1071 2018 affectibus
1106 1971 1357 2033 purgarit,
1400 1979 1450 2020 te
1487 1971 1583 2020 tibi

518 2044 822 2105 permittere
864 2052 1058 2107 potest,
1096 2061 1322 2111 vereque
1362 2048 1582 2099 liberum

522 2133 617 2182 per
653 2121 824 2169 omnia
886 2122 1253 2185 pronuntiare;
1309 2138 1413 2172 non
1457 2124 1584 2173 item

520 2196 881 2261 Magistratus,
904 2205 994 2248 aut
1017 2199 1239 2249 Proetor.

584 2278 648 2322 95
685 2274 963 2323 Sambucam
1004 2276 1165 2336 citius,
1201 2275 1309 2340 Esca]
1362 2277 1586 2331 Facilius

522 2364 647 2400 sane
666 2348 822 2401 fuerit
838 2350 1048 2402 efficere
1072 2360 1131 2402 ut
1155 2355 1369 2417 agrestis
1392 2368 1589 2417 servus,

524 2428 612 2493 qui
637 2443 733 2480 nec
758 2430 1014 2480 Musicam
1038 2431 1222 2481 didicit
1245 2446 1341 2482 nee
1365 2431 1587 2481 citharas

524 2506 671 2568 vidit,
693 2521 781 2555 eas
801 2523 867 2556 ex
891 2516 1006 2557 arte
1031 2510 1218 2571 pulset,
1241 2523 1391 2573 quam
1414 2507 1588 2558 facere

523 2590 583 2631 ut
608 2584 776 2631 Dama
799 2584 1047 2633 rationem
1065 2594 1326 2648 sequatur,
1343 2594 1395 2635 et
1414 2587 1591 2636 tenuia

524 2673 695 2707 rerum
721 2658 890 2710 officia
913 2661 1068 2722 norit,
1090 2669 1145 2711 et
1170 2669 1398 2723 praestet.
1463 2663 1590 2710 Pro·

522 2733 666 2783 verb.
722 2737 981 2784 Asinusad
1002 2738 1181 2800 lyram.-
1218 2739 1359 2800 item,
1392 2737 1591 2787 Samba-

524 2826 629 2859 cam
646 2813 814 2860 caloni.

607 2887 910 2954 Soembncum]
974 2890 1091 2939 Vox
1140 2891 1373 2954 Syriaca,
1425 2892 1593 2955 inquit

529 2964 881 3015 Casaubonus.
960 2966 1099 3016 Galli
1138 2968 1347 3030 harpam
1388 2976 1592 3031 vocant,

525 3041 758 3090 Turneb.
783 3056 877 3092 xx.
917 3048 965 3092 1.
1019 3043 1189 3093 Latini
1217 3045 1494 3109 Graecique
1518 3045 1593 3109 ly-

529 3129 636 3165 ram
680 3124 737 3165 et
778 3118 1051 3180 citharam,
1095 3121 1218 3168 item
1260 3121 1466 3170 nablum
1500 3135 1592 3169 seu

527 3193 775 3244 nublium.
812 3196 1070 3245 Musicuin
1094 3205 1175 3245 est
1197 3197 1592 3246 instrumentum

529 3271 859 3334 triangularis
900 3271 1097 3322 formae.
1187 3272 1469 3323 Athenaeus
1514 3288 1595 3324 ιν.

527 3353 613 3398 23.
664 3348 970 3398 Sambucam
998 3350 1398 3412 lyroplioenicem
1425 3351 1596 3400 vocari

529 3427 623 3488 ait,
658 3425 872 3490 ejusque
910 3426 1234 3474 inventorem
1275 3424 1436 3475 fuisse
1476 3428 1597 3492 Iby-

530 3517 651 3552 cum
694 3502 995 3566 vaginum.
1063 3503 1133 3552 Et
1170 3516 1291 3553 xiv.
1316 3507 1361 3552 8.
1389 3511 1597 3553 acutum

530 3595 644 3630 esse
668 3580 781 3643 ejus
806 3595 1005 3638 sonum,
1029 3577 1217 3628 fidibus
1242 3587 1464 3642 quatuor
1488 3589 1600 3629 ten-

532 3672 643 3706 sum
670 3658 833 3720 primo
868 3656 1044 3705 fuisse.
1111 3657 1179 3706 Et
1213 3670 1260 3706 c.
1290 3661 1341 3705 9.
1364 3656 1596 3719 ejusdem

533 3733 696 3794 Libri,
733 3734 977 3783 sambuca
1015 3734 1233 3797 primam
1274 3749 1414 3783 usam
1439 3731 1597 3783 fuisse

529 3810 796 3873 Sibyllam,
840 3819 997 3874 atque
1037 3811 1110 3859 ita
1149 3817 1383 3859 iocatum
1408 3811 1598 3859 aSam·

535 3888 671 3951 byce
717 3889 955 3953 quodam.
1021 3889 1241 3939 Casaub.
1300 3890 1351 3938 in
1406 3889 1599 3939 Athen.

534 3970 548 3993 ‘
577 3965 787 4014 Certum
812 3965 924 4027 est,'
955 3965 1140 4030 inquit,
1189 3967 1204 3993 ‘
1227 3966 1604 4015 vetustissimos

537 4041 770 4092 Orientis
793 4042 1007 4106 populos
1030 4056 1093 4089 eo
1117 4056 1308 4103 organo
1330 4056 1440 4091 esse
1462 4058 1600 4092 usos:

539 4119 661 4168 inde
707 4118 912 4167 transiit
943 4116 1008 4166 ad
1060 4117 1273 4166 Gra-cos
1321 4125 1375 4167 et
1420 4132 1502 4167 res
1549 4127 1606 4169 et

538 4195 759 4248 nomen!
790 4196 921 4267 ⁴Ejus
944 4193 1273 4245 instrumenti
1298 4195 1480 4246 musici
1500 4211 1605 4247 me-

1654 1046 1916 1096 minerunt
1954 1048 2222 1112 Propheta
2260 1048 2451 1098 Daniel
2477 1064 2525 1098 c.
2554 1052 2600 1098 8.
2635 1048 2722 1098 Vi·

1656 1132 1793 1175 truv.
1830 1127 1867 1175 l.
1908 1137 1990 1175 vt.
2038 1126 2341 1189 Spartianus
2378 1126 2428 1174 ln
2471 1125 2725 1186 Adriano,

1657 1206 1756 1253 διο.
1810 1204 1906 1252 Est
1929 1203 2086 1253 etiam
2123 1202 2355 1251 Santouta
2386 1202 2507 1251 belli
2535 1203 2725 1250 instru-

1657 1286 1906 1339 mentum,
1929 1279 2064 1344 quod
2090 1278 2295 1327 funibus
2335 1279 2643 1339 intenditur,
2669 1286 2728 1328 ut

1659 1356 1866 1405 chordis
1909 1355 2136 1405 ritbaru:
2193 1355 2329 1405 unde
2366 1370 2574 1404 nomen.
2644 1358 2729 1406 De

1659 1446 1720 1481 eo
1746 1431 1947 1480 vitruv.
1973 1432 2006 1480 l.
2031 1445 2086 1481 x.
2125 1431 2389 1480 Plutarch.
2410 1432 2462 1479 in
2489 1433 2731 1482 Marcelli

1662 1508 1803 1556 Vita.
1853 1508 2037 1572 Polyb.
2065 1509 2099 1558 l.
2124 1521 2245 1557 vm.
2272 1508 2413 1572 Lips.
2439 1509 2731 1558 Poliorcet.

1659 1584 1694 1633 l.
1718 1598 1759 1632 ι.
1785 1584 1991 1647 Dialog.
2015 1590 2063 1634 6.
2099 1584 2347 1647 vegetius
2369 1591 2424 1633 et
2441 1585 2549 1634 alii.
2588 1585 2734 1633 Scili-

1662 1669 1768 1724 cet,
1807 1677 1836 1711 e
1877 1670 2019 1712 turre
2056 1677 2219 1727 prope
2254 1664 2434 1712 urbem
2471 1664 2732 1713 obsessam

1661 1746 1922 1801 extructa,
1947 1739 2086 1787 trabs
2110 1739 2290 1802 ingens
2313 1738 2521 1788 funibus
2541 1755 2604 1789 ac
2632 1747 2731 1789 tro·

1661 1815 1789 1864 cleis
1809 1814 1872 1863 ad
1893 1830 2061 1863 muros
2085 1815 2273 1873 laxata,
2299 1821 2414 1864 erat
2438 1829 2532 1877 pro
2557 1824 2736 1878 ponte,

1660 1899 1714 1938 et
1740 1905 1833 1953 per
1855 1905 1967 1938 eam
1993 1897 2317 1939 transeuntes
2342 1891 2532 1939 milites
2555 1892 2734 1940 urbem

1661 1967 1993 2016 invadebant.
2061 1966 2344 2017 Athenaeus
2383 1969 2494 2016 loco
2518 1983 2641 2017 mox
2666 1969 2734 2017 ci-

1667 2050 1778 2093 tato
1803 2057 1917 2093 xiv.
1942 2048 1990 2092 8.
2026 2044 2259 2106 ejusdem
2279 2043 2534 2104 meminit,
2557 2044 2735 2107 aitque

1664 2121 1941 2171 &tabacum
1978 2137 2091 2169 esse
2132 2121 2378 2171 machinae
2412 2120 2615 2170 bellice
2652 2137 2736 2185 ge·

1667 2213 1764 2246 nus
1807 2197 2162 2261 oppugnandis
2204 2197 2418 2245 urbibus
2460 2198 2736 2246 idoneum:

1667 2275 1887 2324 bostium
1919 2275 2175 2322 -moenibus
2208 2273 2408 2322 duabus
2433 2275 2629 2322 suculis
2650 2274 2739 2323 ad·

1667 2350 1884 2411 moveri,
1907 2359 1961 2399 et
1980 2364 2098 2399 cum
2116 2357 2347 2399 erectum
2372 2349 2551 2410 fuerit,
2567 2351 2738 2400 simile

1669 2433 1808 2476 esset
1832 2426 2037 2475 navium
2075 2427 2226 2476 scalis
2250 2424 2385 2475 foras
2409 2426 2662 2490 projectis
2683 2433 2739 2476 et

1669 2506 1946 2568 expansis:
2004 2506 2344 2553 Romanorum
2389 2518 2502 2552 esse
2549 2505 2740 2553 machi-

1671 2597 1818 2641 nam;
1855 2582 2077 2644 denique
2103 2578 2356 2628 fabricam
2397 2580 2507 2643 ejus
2544 2588 2600 2629 et
2637 2579 2740 2629 for·

1671 2673 1803 2706 mum
1851 2658 2112 2705 inventam
2165 2671 2279 2705 esse
2331 2656 2398 2705 ab
2455 2656 2741 2722 Heraclide

1671 2736 1969 2784 Tarentino.

1742 2810 1933 2872 Coloni]
1972 2811 2089 2858 Cato
2117 2825 2294 2859 servus
2318 2811 2513 2872 militis,
2533 2812 2618 2861 cui
2643 2813 2744 2860 ral—

1672 2888 1775 2937 lum
1800 2887 1971 2936 defert
1994 2897 2049 2937 et
2073 2888 2228 2951 ligna,
2251 2888 2438 2937 Graece
2461 2890 2623 2949 κᾶλας
2665 2892 2746 2939 vel

1673 2980 1737 3014 ex
1778 2981 1840 3014 eo
1881 2967 2051 3014 dictus
2091 2965 2228 3029 quod
2272 2966 2496 3029 ligneam
2544 2967 2745 3016 clavam

1675 3050 1900 3105 gereret.
1937 3043 2141 3104 Festus,
2173 3043 2401 3091 Servius.
2439 3043 2746 3105 Ligna-tores

1673 3118 1958 3167 Athenaeus
2002 3119 2199 3166 Calones
2241 3127 2411 3178 vocat,
2457 3134 2557 3167 ceu
2603 3127 2748 3167 καλο·

1673 3192 1856 3256 φόρους.
1895 3195 2080 3243 Horat.
2107 3195 2274 3256 Epist.
2302 3208 2338 3242 1.
2362 3199 2444 3243 u.
2494 3195 2509 3220 ‘
2535 3195 2748 3245 Invidet

1676 3287 1817 3320 nsum
1841 3271 2119 3334 Lignorum
2144 3272 2239 3320 tibi
2271 3272 2420 3320 calo.’

1742 3349 2020 3412 Aptae-eris]
2054 3349 2207 3397 Prius
2247 3349 2525 3397 inserueris
2566 3349 2750 3398 crassis

1678 3425 1912 3473 manibus
1948 3424 2169 3472 hominis
2206 3424 2423 3487 agrestis
2463 3425 2755 3488 impiique,

1679 3501 1804 3548 licet
1845 3501 2066 3564 graciles
2108 3507 2163 3550 et
2200 3500 2434 3562 agiliores
2473 3501 2626 3563 digiti
2650 3515 2757 3548 ma·

1681 3592 1877 3641 nusque
1917 3576 2279 3625 desiderentur
2302 3577 2580 3640 tangendis
2617 3578 2752 3625 scite

1679 3653 1929 3718 ejusmodi
1965 3652 2337 3711 instrumentis,
2372 3656 2490 3715 hoc,
2524 3653 2757 3719 inquam,

1685 3731 1855 3794 potius
1878 3729 2083 3792 feceris,
2104 3745 2271 3793 quam,
2292 3734 2390 3779 διο.

1750 3807 1889 3869 Auo]
1943 3807 2278 3869 Praegrandis
2317 3813 2556 3868 staturae,
2589 3807 2755 3872 qualis

1684 3884 1739 3933 in
1783 3884 2064 3934 Calonibus
2110 3892 2331 3943 uniatur,
2371 3897 2570 3945 niaguae
2607 3886 2756 3932 molis

1687 3961 1918 4009 homines
1943 3975 2084 4021 saepe
2108 3959 2253 4007 bardi
2292 3973 2352 4006 ac
2384 3959 2558 4007 soluti.
2611 3961 2757 4008 Aris·

1687 4037 1874 4094 tuteli-s
1912 4035 1962 4083 iu
2003 4035 2367 4098 l’liysiognom.
2400 4033 2445 4082 οἱ
2466 4033 2593 4095 ἄγαν
2612 4034 2761 4095 md-

1684 4121 1762 4161 λοι
1783 4113 1986 4174 βραδεῖς.
2045 4110 2306 4159 Homerus
2334 4111 2572 4174 Ulyssem
2594 4120 2758 4160 statu-

1688 4204 1759 4238 τω
1784 4187 1956 4239 brevis
1980 4193 2035 4237 et
2059 4187 2344 4252 prudentia
2378 4203 2580 4252 magnae
2615 4188 2756 4237 exbi-
