3050 4913
1220 368 1495 418 sA‘mltA
1559 369 1639 418 11.

329 507 479 591 Qui
502 513 621 577 tibi
648 513 938 576 labentes
969 511 1249 596 apponit
1280 510 1603 577 candidus
1632 530 1863 576 annos,

331 613 568 678 Funde
596 634 846 678 merum
876 613 1116 679 GenIo.
1164 613 1323 679 Non
1350 618 1421 678 tu
1451 633 1647 698 prece
1676 613 1906 698 poscis
1934 612 2172 690 emaci,

328 801 423 837 ees.
494 787 702 851 Effunde
722 786 882 837 vinum
908 788 1078 838 Genio.
1150 789 1223 838 Ta
1244 794 1353 839 coto
1377 787 1580 853 poditio
1601 803 1691 837 non
1722 787 1845 851 petis
1879 800 1975 843 res,
2009 800 2126 848 qaas
2144 798 2236 833 aon
2266 781 2418 846 possis
2435 797 2534 830 ere-

1323 918 1545 972 NOTAE

337 1012 533 1064 tissimo
571 1014 755 1078 cuique
778 1014 985 1065 videtur
1024 1014 1184 1066 fuisse
1223 1016 1397 1079 potius

336 1092 543 1141 Plotius
564 1092 767 1154 qnidam
794 1093 1076 1153 Macrinus,
1097 1110 1244 1159 quem
1270 1096 1397 1144 Per·

336 1166 397 1216 sii
453 1166 862 1230 condiscipulum
916 1170 1182 1220 existimat
1241 1171 1397 1220 etiam

337 1241 498 1291 fnisse
521 1242 871 1293 Casanbonns.
939 1246 1103 1295 Favet
1127 1254 1273 1297 certe
1312 1262 1397 1297 ve·

338 1323 422 1367 tus
477 1319 809 1384 scholiastes,
859 1322 946 1386 qui
1004 1323 1077 1371 sic
1132 1324 1290 1373 habet
1344 1323 1396 1372 iu

335 1394 538 1444 huncce
580 1397 778 1445 locum:
835 1399 1115 1463 alloquitur
1166 1398 1397 1449 Plotium

342 1472 633 1522 Macrinum
675 1473 928 1523 hominem
971 1490 1094 1525 sane
1137 1474 1397 1524 eruditum

338 1554 395 1596 et
421 1553 640 1610 paterno
674 1562 731 1597 se
755 1546 948 1599 affectu
971 1550 1291 1614 diligentem,
1312 1552 1399 1616 qui

337 1622 393 1674 in
439 1624 591 1673 domo
632 1625 836 1674 Servilii
889 1625 1167 1688 didicerat,
1220 1641 1250 1675 a
1295 1642 1399 1691 qno

340 1703 563 1766 agellum
606 1712 1020 1767 comparaverat,
1062 1704 1261 1754 indulto
1301 1704 1399 1754 sibi

338 1778 515 1843 pretio
544 1779 828 1844 aliquanto.

411 1855 554 1904 Hanc
590 1855 715 1904 dien
752 1855 969 1919 numera]
1036 1856 1187 1907 Inter
1206 1856 1404 1908 sanatos

342 1927 458 1979 dies
482 1937 724 1994 computa
746 1931 883 1981 diem
902 1932 1060 1994 hunc,
1082 1933 1169 1996 qni
1193 1932 1290 1982 tibi
1313 1947 1400 1982 na-

341 2006 463 2055 talis
486 2014 589 2066 est,
623 2013 678 2054 et
713 2021 816 2072 qno
856 2017 1131 2072 propterea
1171 2007 1402 2058 libellum

341 2081 480 2132 hnnc
524 2097 617 2131 seu
657 2083 881 2133 Satirann
924 2084 1059 2134 dono
1104 2084 1198 2134 tibi
1233 2083 1402 2135 mitto.

340 2158 557 2207 Scilicet
591 2173 697 2206 mos
720 2167 829 2209 erat
854 2159 992 2223 apud
1017 2166 1220 2210 veteres
1242 2159 1403 2209 natali

341 2233 624 2282 amicorum
664 2234 749 2283 die
772 2237 1072 2286 munusculo
1107 2250 1195 2286 eos
1229 2237 1402 2301 aliquo

342 2307 581 2359 afficere:
616 2318 671 2359 et
712 2312 891 2363 Poeta*
916 2312 1123 2378 quidem
1157 2313 1403 2379 doctique

342 2388 595 2449 opuscula
618 2403 711 2437 sua
734 2387 1061 2439 deferebant.
1129 2389 1280 2441 Quod
1319 2389 1405 2439 bic

344 2460 477 2512 facit
499 2463 708 2514 Persius
732 2480 855 2527 erga
872 2466 1179 2515 Macrinum.

413 2539 617 2589 Meliore
654 2541 839 2604 lapillo]
922 2542 1157 2593 Candido
1199 2558 1407 2607 nempe,

345 2630 450 2691 quo
474 2631 558 2665 res
579 2618 714 2666 laetae
746 2619 1089 2680 notabantur;
1122 2620 1256 2669 sicut
1294 2628 1408 2669 atro

344 2707 431 2741 res
456 2700 653 2742 moestae
676 2703 731 2741 et
753 2693 1005 2745 infelices.
1073 2695 1230 2745 Mart.
1252 2695 1406 2759 Epig.

347 2780 427 2817 ιι.
456 2773 540 2816 53.
574 2772 588 2796 ‘
611 2769 758 2818 Felix
793 2778 1012 2834 utraque
1047 2772 1156 2833 lux,
1193 2771 1408 2836 diesque

347 2843 498 2892 nobis
545 2845 793 2908 Signandi
841 2847 1138 2897 melioribus
1182 2845 1409 2911 lupinis:

349 2919 501 2969 Pers.
523 2921 633 2971 Sat.
655 2936 707 2972 v·
740 2922 871 2971 ‘Illa
911 2922 1055 2984 prins
1089 2931 1255 2981 creta,
1290 2937 1410 2972 mox

348 2993 463 3043 haec
499 2996 725 3045 carbone
764 2996 995 3045 notasti!
1059 2998 1278 3047 Secutus
1302 2998 1411 3047 Ho-

348 3071 534 3119 ratium
558 3071 667 3120 Sat.
690 3085 753 3122 11.
776 3077 826 3121 3.
862 3073 877 3100 ⁴
898 3072 1057 3122 Creta
1088 3088 1153 3122 an
1186 3073 1410 3123 carbone

348 3147 565 3196 notandi
584 3145 620 3195 ?'
685 3149 928 3198 Ceterum
967 3165 1075 3198 mos
1114 3150 1201 3199 ille
1245 3150 1409 3200 fortu-

353 3231 502 3273 natos
550 3225 660 3273 dies
706 3226 836 3276 albis
889 3227 1120 3288 calculis,
1177 3225 1410 3277 infelices

353 3301 510 3365 nigris
578 3303 904 3365 numerandi,
976 3305 1195 3367 viguisse
1271 3304 1409 3367 apud

350 3378 575 3428 Thracas
600 3380 837 3442 primum,
877 3387 1059 3430 auctor
1092 3388 1174 3431 est
1210 3382 1411 3431 Plinius

355 3467 455 3502 vu.
476 3458 557 3503 40.
624 3453 698 3503 At
722 3455 856 3519 quod
889 3456 1047 3521 aliqui
1069 3456 1268 3506 addunt
1290 3457 1409 3508 hinc

355 3532 599 3579 trmxsisse
624 3530 689 3579 ad
723 3533 1019 3596 Cretenses,
1053 3534 1254 3584 nonita
1275 3548 1412 3584 com-

354 3614 594 3670 pertum:
632 3607 733 3656 imo
768 3608 979 3671 jugulat
1021 3624 1107 3658 eos
1152 3611 1238 3659 ille
1281 3610 1415 3673 ipse,

357 3700 458 3749 qno
493 3700 594 3734 nno
631 3684 757 3735 freti
800 3686 852 3735 id
891 3684 1170 3746 affirmant,
1208 3686 1415 3737 Horatii

357 3760 502 3809 locus
526 3762 614 3809 lib.
633 3776 671 3811 1.
698 3763 797 3811 ode
814 3766 896 3812 36.
920 3765 935 3791 ‘
958 3764 1142 3813 Cressa
1156 3778 1222 3812 ne
1239 3771 1418 3813 careat

358 3836 579 3900 pulchra
601 3836 716 3886 dies
732 3837 888 3886 nota!
954 3838 1056 3887 Ubi
1078 3846 1224 3888 certe
1245 3838 1416 3888 album

357 3913 587 3976 lapillum
612 3929 640 3962 ι·
676 3915 833 3964 Creta
855 3915 1145 3963 venientem
1170 3929 1417 3978 expresse

357 3986 629 4051 designat:
666 3989 891 4053 alioquin
931 4005 1108 4052 parum
1140 3990 1417 4053 distingue-

355 4071 439 4113 ret
463 4065 636 4113 letam
658 4074 832 4114 notam
856 4081 886 4114 a
907 4066 1063 4126 tristi,
1081 4065 1124 4114 si
1148 4067 1418 4115 Cretenses

358 4140 575 4210 perinde
599 4155 661 4190 ac
684 4141 771 4190 alii
802 4141 1038 4191 candidis
1060 4140 1252 4191 faustos
1290 4143 1419 4203 dies,

354 4215 616 4272 infaustos
649 4218 809 4283 nigris
845 4218 1037 4286 lapillis
1077 4225 1260 4269 notare
1298 4233 1420 4269 con·

1478 1017 1786 1067 suevissont.
1843 1013 1995 1064 Unde
2019 1013 2174 1063 etiam
2198 1016 2361 1074 patet,
2383 1023 2534 1075 quam

1477 1094 1631 1157 longe
1675 1092 1939 1152 aberrent,
1989 1088 2076 1153 qni
2118 1087 2283 1136 citato
2331 1084 2538 1135 Horatii

1478 1171 1592 1219 loco
1617 1171 1797 1232 legunt
1820 1168 2036 1226 strena,
2057 1179 2153 1228 pro
2179 1166 2362 1213 Cressa.

1543 1251 1575 1296 2
1611 1246 1707 1302 Qui
1725 1245 1816 1294 tibi
1836 1244 2058 1304 tabentes,
2080 1241 2186 1306 mu]
2241 1241 2344 1293 Qui
2370 1244 2535 1288 aevnm

1478 1323 1614 1390 quod
1639 1323 1871 1390 quotidie
1894 1322 2138 1383 elabitur,
2162 1318 2258 1370 tibi
2280 1319 2541 1383 producit,

1478 1417 1666 1452 novum
1703 1415 1891 1452 annum
1928 1397 2026 1449 tibi
2064 1396 2233 1446 dando
2273 1401 2331 1444 et
2368 1394 2541 1459 auspi-

1478 1478 1660 1528 cando.

1548 1550 1813 1614 Candidus]
1845 1551 2042 1613 Bonus,
2062 1545 2344 1614 propitius:
2371 1552 2428 1595 ut
2451 1560 2539 1596 cx·

1478 1629 1640 1694 plicui
1659 1629 1766 1679 Sat.
1787 1641 1828 1677 ι.

1546 1709 1576 1753 ³
1615 1699 2160 1764 FandemmGeaio]
2200 1700 2330 1750 Hor.
2353 1701 2452 1762 Ep.
2476 1712 2538 1748 ιι.

1482 1786 1531 1830 1.
1564 1781 1852 1830 ‘Tellurem
1885 1792 2063 1842 porco,
2089 1777 2369 1841 sylvanum
2401 1775 2540 1825 lacte

1483 1856 1727 1921 piabant;
1773 1854 2010 1905 Floribus
2055 1861 2112 1904 et
2153 1854 2270 1902 vino
2313 1852 2540 1902 Genium

1485 1947 1761 1982 memorem
1783 1931 1954 1982 brevis
1989 1929 2118 1982 nevi!
2181 1929 2369 1979 Tibull.
2394 1929 2543 1993 Eleg.

1483 2024 1547 2059 ιι.
1582 2013 1633 2059 4.
1676 2008 1741 2057 de
1782 2008 1952 2059 Genio
1993 2007 2093 2056 ait:
2142 2004 2354 2070 ‘Atque
2398 2011 2542 2053 satur

1481 2086 1592 2136 libo
1616 2085 1704 2147 sit,
1740 2084 2049 2148 madeatque
2080 2080 2259 2131 mero!
2328 2079 2432 2129 Ubi
2455 2080 2542 2129 ob-

1482 2160 1792 2212 servandum
1816 2167 1912 2222 est,
1927 2158 2115 2209 ceteris
2135 2156 2342 2222 quidem
2361 2155 2542 2206 diebus

1484 2240 1657 2290 Genio
1679 2239 1882 2289 litatum
1907 2237 2029 2287 olim
2052 2236 2207 2287 fuisse
2242 2250 2376 2284 caesa
2399 2235 2545 2285 victi-

1484 2330 1589 2377 ma,
1620 2321 1678 2364 ut
1718 2320 1864 2377 patet
1884 2328 1970 2371 ‚ex
2009 2312 2195 2363 Horat.
2221 2310 2326 2361 Od.
2351 2325 2436 2361 ιιι.
2462 2315 2544 2360 17.

1487 2394 1503 2420 ⁸
1521 2406 1637 2441 cras
1672 2390 1897 2440 Genium
1934 2403 2074 2438 mero
2097 2386 2313 2437 Curabis
2344 2392 2399 2435 et
2430 2402 2545 2449 pot·-

1486 2483 1551 2518 co
1609 2466 1857 2526 bimestri,
1909 2466 2038 2514 Cum
2083 2464 2288 2513 famulis
2331 2477 2542 2526 operum

1487 2545 1700 2594 solutis!
1747 2542 1886 2592 Illud
1909 2548 2084 2591 autern
2106 2553 2365 2603 nunquam
2387 2536 2549 2587 fiebat

1488 2622 1575 2671 die
1612 2619 1790 2681 natali,
1838 2633 1900 2667 eo
1944 2616 2083 2681 quod
2133 2617 2332 2665 nollent
2380 2613 2541 2663 vitam

1487 2697 1718 2746 adimere
1755 2709 1817 2744 eo
1855 2693 1941 2742 die
1981 2708 2083 2758 qno
2122 2692 2291 2743 lucem
2330 2704 2576 2755 accepe-‚

1488 2780 1633 2823 rant:
1667 2772 1757 2836 sed
1794 2770 2009 2820 litabant
2032 2770 2171 2831 vino,
2190 2766 2423 2830 floribus,
2442 2770 2544 2816 &c-

1489 2855 1549 2898 nt
1570 2847 1718 2898 citati
1742 2861 1859 2897 mox
1881 2844 1984 2894 loci
2013 2844 2258 2894 innuunt:
2293 2843 2402 2893 sive
2425 2842 2549 2907 qnia

1488 2925 1662 2973 vinum
1683 2922 1961 2972 hilaritatis
1994 2919 2279 2984 symbolum
2304 2927 2359 2969 et
2391 2932 2548 2969 causa

1490 3008 1601 3059 est;
1633 2999 1742 3049 sive
1767 2998 1888 3062 quia
1912 3011 2005 3061 per
2023 2994 2177 3046 flores
2200 2996 2321 3046 vitae
2341 2995 2549 3061 quidem

1491 3075 1758 3124 arnoenitas
1780 3073 1928 3123 simul
1950 3079 2006 3123 et
2033 3072 2262 3121 brevitas
2294 3069 2549 3135 significa-

1490 3152 1662 3215 batur,
1691 3151 1850 3214 juxta
1893 3149 2017 3198 illud
2067 3148 2267 3197 Horatii
2311 3149 2549 3209 citatum,

1486 3230 1503 3256 ‘
1518 3241 1797 3278 memorem
1822 3225 1994 3276 brevis
2016 3223 2149 3275 mvi!
2202 3222 2336 3274 Vide
2361 3224 2550 3276 Censo-

1489 3305 1674 3354 riuum.

1560 3379 1737 3444 Genio]
1805 3378 1867 3427 Id
1892 3383 1993 3439 est,
2025 3377 2075 3425 in
2110 3378 2353 3426 honorem
2376 3375 2551 3439 Genii,

1492 3458 1579 3523 qui
1605 3457 1747 3507 Deus
1767 3462 1898 3515 erat,
1922 3453 2017 3503 sub
2041 3454 2189 3517 cujus
2214 3453 2379 3502 tutela
2407 3452 2552 3501 nasci

1493 3533 1780 3598 quemlibet
1815 3537 1873 3581 et
1914 3530 2087 3579 vivere
2133 3529 2331 3592 antiqui
2370 3528 2553 3577 crede·

1492 3595 1642 3668 bant.
1661 3623 1814 3674 quem
1850 3613 2130 3671 propterea
2164 3604 2436 3669 quotannis
2467 3617 2552 3652 co·

1496 3689 1678 3738 lebant
1700 3686 1782 3735 die
1804 3683 1983 3733 natali.

1564 3764 1679 3812 Noa
1719 3767 1773 3811 ta
1812 3776 1967 3825 prece,
2019 3758 2126 3823 qm]
2213 3759 2262 3809 Ο
2315 3758 2553 3809 Macrine

1495 3839 1714 3903 optime,
1742 3851 1842 3886 non
1878 3835 2090 3899 perinde
2112 3848 2172 3883 ac
2195 3834 2340 3884 avari
2362 3834 2553 3899 injusta

1496 3922 1618 3964 vota
1640 3914 1758 3964 Diis
1777 3924 2056 3974 nuncupas.

1562 3988 1754 4051 Emoci]
1810 3986 2149 4050 Impudenter
2171 3991 2226 4035 et
2247 3986 2404 4051 impie
2436 4001 2554 4036 cnm

1495 4066 1614 4115 Diis
1653 4066 1729 4115 ita
1765 4061 2103 4129 paciscendo:
2155 4062 2413 4127 siquidem
2455 4063 2551 4112 hoc

1499 4143 1582 4192 vel
1614 4142 1739 4192 illud
1776 4140 1902 4190 mihi
1923 4138 2198 4203 largimini,
2219 4140 2331 4192 brec
2372 4146 2429 4188 et
2462 4138 2553 4188 illa

1498 4218 1636 4269 dona
1654 4217 1935 4283 rependam
1968 4229 2065 4279 ego
2091 4216 2255 4265 vobis.
2324 4214 2477 4263 Plato
2498 4214 2552 4266 in
2627 4223 2632 4228 ’
