3050 4913
512 376 643 444 142

1274 392 1346 439 A.
1395 388 1644 438 PERSn
1694 388 1956 439 rusco!

512 540 587 605 Si
615 537 965 623 increpuit,
1010 541 1031 572 ‘
1056 554 1285 601 cessas
1313 535 1653 619 nugator‘e’
1701 536 2045 603 servitium
2075 556 2229 603 acre

507 641 611 706 Te
632 642 793 706 nihil
820 640 1131 724 impellit:
1176 658 1301 703 neo
1332 641 1695 724 quicquam
1724 642 2137 706 extrinsecus
2165 643 2389 720 intrat,

513 743 715 823 Quod
745 763 978 809 nervos
1008 745 1245 825 agitet:
1292 741 1414 806 sed
1443 744 1503 807 si
1535 745 1713 808 intus
1741 749 1808 808 et
1835 744 1906 807 in
1924 744 2151 828 jecore
2183 765 2366 829 aegro

514 846 903 912 Nascantur
930 845 1203 925 domini,
1241 847 1355 931 qui
1387 853 1460 911 tu
1491 846 1876 931 impunitior
1901 848 2075 925 (axia,

2594 849 2730 913 130

513 946 741 1035 Atque
767 950 901 1045 hic,
931 938 1125 1034 quem
1153 948 1237 1014 ad
1271 949 1555 1034 strigiles
1587 949 1844 1014 scutica
1871 954 1939 1015 et
1963 953 2177 1014 metus
2206 949 2341 1034 egit
2364 950 2590 1016 herilis
2607 951 2638 1015 ‘l
2664 1011 2668 1015 .
2699 966 2704 969 ·

515 1173 641 1222 rar-is
662 1172 837 1234 etiam,
867 1188 895 1221 ο
916 1187 1083 1235 nugax
1098 1171 1124 1223 7
1189 1175 1316 1223 Tum
1339 1181 1484 1224 certe
1505 1176 1629 1225 dm
1658 1176 1863 1225 servitus
1883 1176 2149 1226 nullanus
2170 1180 2219 1224 te
2239 1175 2417 1237 adigit,
2439 1174 2651 1238 nihilque
2669 1174 2730 1223 ab

514 1242 708 1286 externo
723 1238 1010 1299 ingreditur,
1031 1240 1154 1301 qnod
1176 1254 1339 1287 nervos
1361 1241 1594 1301 exagitet.

1662 1243 1731 1289 At
1749 1243 1793 1289 ui
1814 1241 1994 1290 domini
2017 1243 2300 1290 intrinsecus
2320 1242 2561 1300 oriantur,
2594 1245 2642 1288 et
2678 1241 2729 1287 in

512 1303 680 1366 hepate
699 1305 823 1350 male
843 1301 1014 1366 affecto
1029 1320 1048 1362 ,·
1081 1305 1304 1366 quomodo
1337 1309 1392 1352 tu
1413 1304 1517 1353 abis
1546 1304 1701 1353 minas
1729 1306 1928 1369 punitas
1957 1320 2096 1370 qaum
2119 1307 2217 1367 ille,
2250 1321 2385 1370 quem
2405 1304 2660 1369 flagellum
2681 1309 2728 1353 et

1442 1448 1648 1467 OOOOOOO

1655 1447 1769 1467 0000

515 1533 607 1580 12⁷
632 1529 840 1593 &crepui
858 1529 1003 1580 Edit.
1018 1530 1364 1595 steph—180
1385 1533 1500 1596 quin
1516 1538 1571 1582 ta
1587 1532 1881 1598 inportunior
1897 1532 2000 1582 Hs.
2018 1531 2242 1581 R.—131
2267 1546 2402 1595 quem
2419 1528 2572 1580 abest
2590 1528 2642 1580 in
2668 1529 2732 1579 C.

1522 1663 1571 1713 N
1578 1661 1735 1713 01·AE

581 1756 795 1820 crispini
812 1757 875 1806 ad
896 1756 1083 1822 Muta]
1135 1757 1389 1823 opulenti
1429 1759 1580 1824 quili-

518 1833 610 1883 bet
652 1833 751 1882 sibi
796 1841 853 1883 et
892 1834 1072 1883 amicis
1130 1835 1396 1884 habebant
1440 1835 1582 1884 domi

516 1908 742 1958 thermas
766 1914 818 1957 et
839 1908 1056 1958 balnea:
1082 1923 1207 1973 ergo
1228 1916 1282 1959 et
1300 1908 1585 1973 Crispinus,

517 1986 606 2051 qui
629 2000 695 2035 ex
719 1999 868 2034 servo
892 1984 1058 2036 factus
1077 1988 1250 2051 Eques
1262 1987 1475 2052 jamque
1497 1986 1587 2036 de-

515 2062 721 2113 licatior
763 2065 1012 2127 arguitur.
1100 2064 1342 2114 Juvenal.
1385 2066 1498 2114 Sat.
1545 2077 1584 2113 r.

514 2138 530 2165 ‘
550 2140 680 2190 Cum
703 2153 825 2202 pars
844 2139 1061 2189 Niliaca
1082 2139 1271 2204 plebis,
1291 2156 1406 2191 cnm
1427 2154 1588 2191 verna

518 2213 716 2276 Canopi
761 2213 1067 2277 Crispinus:
1112 2219 1214 2264 &tu
1314 2216 1420 2265 Hic
1488 2216 1585 2264 snb

519 2288 738 2339 Claudio
777 2287 1102 2352 Imperatore
1148 2290 1406 2340 Praetorio
1452 2305 1587 2353 prae-

517 2361 685 2413 fectus
708 2362 917 2426 dicitnr,
938 2371 994 2413 et
1016 2364 1388 2415 consularibus
1422 2364 1587 2428 lusig-

517 2439 667 2490 nibus
694 2439 949 2501 donatns;
986 2440 1084 2490 sub
1123 2440 1333 2491 Nerone
1368 2455 1493 2491 vero
1533 2441 1586 2489 in

516 2519 807 2569 Sardiniam
850 2520 1075 2569 Insulam
1119 2520 1382 2584 relegatus
1421 2526 1590 2570 semet

518 2596 867 2647 interfecisse.
903 2598 1112 2647 Cornel.
1134 2599 1304 2648 Tacit.

583 2672 761 2735 Differ]
790 2674 885 2721 Vir
909 2673 1164 2723 delicatus
1187 2679 1400 2724 notatur
1419 2681 1475 2723 et
1498 2686 1587 2737 po-

519 2753 653 2811 tens,
673 2748 762 2813 qni
784 2763 887 2797 non
908 2749 1259 2799 communibus
1283 2750 1451 2799 utitur
1473 2749 1589 2799 stri·

519 2825 721 2889 guibon,
734 2825 824 2875 sed
846 2825 1081 2889 proprias
1100 2825 1198 2875 sibi
1221 2825 1413 2875 deferri
1427 2824 1588 2890 jubet

520 2899 586 2950 ad
609 2900 807 2949 balnea.

586 2982 680 3027 12⁷
709 2979 874 3027 Cessas
888 2977 1118 3042 nugator]
1142 2979 1428 3043 Imperiosa
1450 2986 1588 3028 ntra·

521 3065 623 3119 que
673 3068 811 3103 vox:
869 3055 1005 3104 unde
1041 3063 1096 3105 et
1140 3055 1392 3121 sequitur,
1439 3054 1587 3104 urvi-

519 3133 643 3181 tinm
663 3148 791 3183 acre.

585 3209 843 3260 Servitium
866 3226 975 3260 acre
996 3216 1043 3260 te
1058 3210 1179 3259 nihil
1195 3209 1419 3273 impellit]
1442 3207 1587 3260 Nihil

512 3286 625 3351 jam
651 3294 704 3336 te
727 3293 935 3351 torquet
959 3286 1086 3335 illud
1106 3287 1393 3349 imperium,
1409 3293 1464 3335 et
1483 3301 1590 3349 poe-

521 3376 701 3413 narum
726 3371 911 3425 metus,
930 3364 1168 3411 nimirum
1187 3362 1308 3426 quia
1322 3362 1463 3411 civili
1486 3377 1592 3410 ser-

520 3438 689 3487 vitute
710 3438 958 3487 liberatus
981 3453 1059 3498 es,
1092 3442 1188 3487 nec
1227 3438 1384 3486 ullum
1408 3452 1590 3501 corpo·

521 3511 872 3562 ris-dominnm
895 3513 1052 3562 habes
1076 3513 1309 3576 amplius.

584 3593 680 3639 128
710 3590 813 3637 Nec
834 3590 1077 3654 quicquam
1099 3589 1393 3638 extrinsecus
1413 3589 1590 3654 intrat]

521 3664 753 3714 Externa
776 3680 875 3714 vox
901 3665 1067 3714 civilis
1099 3664 1291 3714 domini
1329 3681 1507 3729 parum
1534 3677 1586 3715 te

521 3749 696 3791 movet
741 3750 830 3790 aut
872 3742 1000 3804 agit,
1055 3742 1175 3807 quia
1220 3741 1351 3791 liber
1390 3757 1446 3792 es
1491 3756 1586 3805 per

521 3815 829 3867 Praetorern.

588 3894 685 3939 129
700 3891 838 3945 Quod
851 3894 1193 3957 nervosugitet]
1211 3897 1344 3956 Non,
1356 3900 1409 3943 ut
1425 3896 1587 3959 prius,

520 3978 623 4016 vox
645 3966 821 4015 herilis
848 3981 941 4029 per
959 3982 1107 4016 aures
1127 3968 1344 4028 intrans,
1366 3971 1507 4034 cogit
1529 3978 1581 4019 te

521 4056 705 4091 nervos
747 4049 1011 4106 totumque
1047 4057 1234 4107 corpus
1271 4046 1489 4107 agitare,
1522 4046 1589 4095 ad

521 4116 886 4176 obediendum,
922 4128 973 4166 et
999 4120 1120 4168 illuc
1145 4122 1433 4185 quojnbet,
1473 4136 1588 4185 pro·

523 4192 830 4259 perandum,
853 4207 916 4241 ne
941 4191 1078 4243 sorte
1104 4196 1319 4260 vapules
1344 4205 1589 4263 tanquam

522 4278 754 4320 cessator
777 4275 834 4318 et
858 4269 1021 4321 deses.

1727 1756 1824 1808 Sed
1874 1757 1917 1807 si
1973 1758 2126 1821 ium]
2203 1755 2259 1806 Si
2314 1755 2563 1807 exteriori
2621 1756 2732 1821 qui-

1663 1833 1782 1883 dem
1820 1840 1873 1884 et
1911 1833 2141 1898 corporis
2164 1832 2418 1882 servitute
2458 1830 2730 1894 liberatus,

1664 1910 1860 1975 pateris
1906 1919 2078 1960 tamen
2122 1917 2178 1960 et
2229 1910 2391 1958 servis
2433 1909 2732 2001 interiorem

1663 1985 1905 2035 vitiorum
1924 1984 2244 2034 servitutem.

1732 2061 1790 2110 lu
1799 2059 1979 2123 jecore]
1997 2061 2145 2109 Jecur
2160 2060 2309 2109 sedes
2331 2059 2598 2124 appetitus
2617 2072 2738 2108 con·

1666 2137 1977 2201 cupiscentis
1998 2154 2011 2185 :
2047 2138 2149 2196 vel,
2172 2143 2231 2185 nt
2255 2136 2396 2198 alibi,
2417 2135 2629 2199 ponitur
2648 2133 2734 2183 hic

1667 2224 1760 2275 pro
1784 2213 1959 2275 corde,
1981 2212 2115 2276 quod
2142 2219 2221 2261 est
2242 2209 2356 2260 fons
2380 2219 2436 2260 et
2459 2212 2605 2274 origo
2628 2225 2737 2259 om-

1667 2288 1804 2337 nium
1846 2286 2143 2338 affectuum.
2212 2291 2395 2351 AEgro:
2426 2288 2628 2337 scilicet
2667 2286 2734 2337 ob
2787 2300 2790 2303 “

1666 2363 2008 2413 inveteratam
2040 2366 2092 2414 in
2130 2365 2265 2413 malo
2287 2362 2735 2421 consuetudinem,

1668 2453 1771 2504 qna
1807 2437 1866 2488 tit
1902 2446 1960 2489 ut
1998 2436 2215 2489 affectus
2251 2438 2637 2503 ingravescant,
2679 2443 2740 2488 et

1666 2517 1827 2579 magis
1870 2517 2138 2582 magisque
2195 2516 2317 2566 tabe
2372 2530 2464 2565 sua
2506 2516 2736 2564 animum

1665 2600 2016 2657 corrumpant.

1736 2673 1831 2719 1³⁰
1869 2669 2143 2719 Nascuntur
2179 2667 2380 2731 donrini]
2431 2664 2737 2732 Imperiosa

1667 2748 1906 2798 libidines
1933 2755 1986 2797 te
2012 2748 2243 2813 quolibet
2268 2747 2351 2796 vel
2374 2745 2590 2795 invitum
2617 2759 2732 2808 rap·

1666 2832 1858 2888 tames,
1882 2825 2112 2888 pigritia,
2134 2825 2370 2886 avaritia,
2391 2823 2612 2885 luxuria,
2634 2826 2736 2871 ἃς.

1666 2910 1723 2951 ut
1746 2913 1864 2951 mox
1891 2901 2096 2967 patebit
2117 2901 2356 3000 exemplo
2381 2907 2437 2950 et
2466 2899 2737 2963 experien-

1665 2978 1757 3027 tia.

1735 3056 1832 3112 Qui
1871 3061 1925 3106 tu
1965 3055 2243 3119 impunitior
2281 3055 2408 3118 exis]
2462 3053 2735 3107 Quomodo

1668 3139 1726 3182 tu
1748 3131 1959 3182 serviles
1995 3148 2172 3196 poenas
2198 3146 2297 3180 non
2337 3130 2513 3190 subis3
2548 3136 2605 3178 et
2644 3141 2738 3178 cnr

1667 3208 1875 3271 impune
1921 3207 2214 3256 libertatem
2259 3215 2491 3256 ostentas
2531 3205 2583 3253 in
2633 3211 2738 3253 tarn

1669 3285 1774 3333 acri
1815 3284 2050 3348 duroque
2091 3285 2324 3346 servitio,
2370 3297 2474 3347 quo
2526 3279 2736 3345 quidem

1668 3360 1819 3409 civile
1860 3367 1916 3409 et
1954 3368 2226 3410 externum
2282 3360 2429 3423 pejus
2487 3372 2592 3405 non
2641 3363 2737 3407 est.

1672 3437 1857 3488 Horat.
1907 3438 2017 3487 Sat.
2067 3451 2130 3486 ιι.
2174 3442 2223 3488 7.
2277 3437 2482 3499 ‘Terga
2531 3434 2737 3499 plector

1666 3514 1798 3561 enirn
1821 3529 1834 3561 t
1874 3514 1961 3578 qui
1985 3519 2038 3562 tn
2066 3513 2412 3577 impunitior?

1732 3593 1824 3638 181
1853 3589 2009 3653 Atque
2030 3590 2126 3648 hic,
2143 3605 2296 3652 quem,
2316 3589 2422 3653 εἷα]
2444 3592 2552 3641 Cur
2571 3592 2737 3644 minus

1667 3666 1930 3731 plecteris,
1970 3682 2122 3730 quam
2163 3669 2247 3716 ille
2280 3683 2478 3729 servus,
2519 3669 2611 3732 qui
2644 3667 2739 3717 sub

1666 3742 1815 3790 herili
1858 3748 2118 3805 potestate
2159 3758 2427 3805 poeuarnm
2453 3753 2597 3794 metu
2632 3743 2741 3793 adi-

1666 3817 1806 3880 gitur
1845 3817 1910 3864 ad
1950 3815 2308 3868 facessendum
2343 3819 2541 3868 domini
2575 3818 2741 3869 civilis

1666 3893 1955 3957 imperium,
1978 3910 2028 3943 v.
2049 3899 2097 3959 g.
2118 3895 2182 3942 ad
2207 3896 2450 3958 strigiles,
2466 3895 2534 3943 ad
2557 3895 2742 3945 balnea

1662 3971 1771 4018 sine
1796 3986 1937 4019 mora
1961 3970 2288 4033 deferendas,
2308 3970 2443 4022 διαὶ

1736 4046 1951 4110 Sentice]
1986 4048 2270 4112 Flagellum
2294 4062 2323 4095 e
2348 4047 2493 4096 loris.
2529 4048 2740 4107 Gracc,

1668 4123 1727 4172 τὸ
1767 4123 1939 4175 σκύτος
1986 4126 2176 4190 pellem
2219 4130 2277 4175 et
2309 4126 2506 4175 corium
2551 4123 2742 4191 signifi·

1671 4207 1779 4251 cat.
