3050 4913
1133 388 1380 439 Pmtsu

326 528 572 595 Quisquis,
590 530 698 595 ξω]
738 531 860 583 Jam
884 531 1050 581 Poeta
1074 531 1284 582 Persius
1303 531 1390 581 sd-

326 608 550 659 versario
588 609 818 671 superius
854 607 1068 658 inducto
1106 608 1389 672 respondet

327 699 421 748 per
460 684 846 733 concessionem
884 682 1297 733 dissimilitudine
1332 685 1388 733 il·

323 762 610 809 lustratam.
698 760 856 812 Qum
909 759 1086 809 dicat:
1145 761 1388 810 Concedo

326 838 423 887 tibi
446 837 648 886 landem
674 835 1017 900 respuendam
1038 851 1139 886 non
1162 851 1291 898 esse,
1312 838 1389 886 ita

327 922 521 981 tamen²
555 914 974 978 qnod,quamvis,
1011 914 1054 962 si
1096 914 1222 978 quid
1265 914 1387 963 boni

326 990 513 1051 scribo,
533 991 736 1039 laudern
775 990 897 1038 mihi
920 990 1131 1038 decerni
1154 1004 1257 1039 non
1282 1005 1386 1039 mo·

325 1068 456 1116 leste
478 1065 662 1126 feram,
684 1073 855 1116 tamen
880 1067 945 1114 ad
972 1066 1172 1115 laudern
1198 1072 1253 1115 et
1280 1067 1387 1131 glo-

325 1147 451 1195 riam
474 1160 574 1194 non
597 1146 770 1194 scribo
789 1165 803 1201 3
856 1146 972 1205 Vel,
993 1160 1056 1194 eo
1078 1156 1178 1194 non
1199 1145 1390 1206 scribo,

325 1229 384 1272 ut
431 1222 634 1271 laudern
679 1220 1277 1285 enumquam—Quisquis
1318 1220 1391 1283 es]

328 1298 641 1349 contemtim
664 1299 813 1357 dicit,
836 1298 973 1362 «irrasi
1012 1298 1076 1347 ad
1121 1300 1387 1361 ignotum3

326 1375 379 1424 id
418 1360 518 1437 ist,
555 1364 972 1437 Quicunque'es‚
1011 1375 1179 1439 inquit
1202 1375 1388 1435 Poeta,

327 1466 480 1517 quem
502 1452 681 1502 induxi
703 1454 855 1502 modo
890 1467 972 1501 me
1011 1459 1301 1502 monentem
1330 1459 1389 1502 et

325 1530 447 1578 mibi
470 1528 821 1593 objicientem,
838 1544 964 1592 cape
980 1530 1090 1593 jam
1115 1529 1269 1578 animi
1289 1528 1388 1578 mei

327 1606 636 1655 sententiam
688 1604 1029 1655 manifestam.
1119 1606 1390 1655 Far-nab.—

328 1682 496 1745 Modo]
529 1681 693 1730 Paulo
715 1689 836 1732 ante
854 1698 967 1731 curn
991 1683 1128 1733 dixit
1149 1682 1388 1732 adversa·

328 1757 448 1818 rius,
478 1761 494 1785 ⁴
520 1758 675 1808 Rides
712 1766 770 1809 et
809 1760 959 1809 nimis
998 1760 1140 1809 uncis
1179 1760 1393 1810 naribus

323 1833 760 1897 indulged—Er,
791 1834 900 1898 qa]
957 1836 1080 1884 Mea
1115 1836 1391 1899 repreben-

325 1911 467 1961 sione
491 1912 611 1960 mihi
638 1910 745 1961 feci
782 1927 813 1960 e
847 1913 1111 1962 contrario
1132 1922 1189 1963 et
1209 1913 1389 1963 adver-

325 2001 410 2036 sus
433 2001 513 2035 me
538 1987 734 2050 dicere,
771 1989 895 2038 mibi
936 1989 1294 2040 contradicere
1331 1998 1387 2040 et

325 2064 586 2114 resistere.
652 2066 824 2114 Lubin.

388 2147 453 2191 4⁵
491 2143 618 2203 Non,
637 2142 746 2205 ξω]
811 2144 907 2192 Est
930 2145 1153 2208 protasis
1175 2144 1387 2193 ‹lissirn'r²

323 2218 578 2281 litudinis,
610 2219 843 2269 modesta
866 2222 1047 2270 virium
1071 2235 1274 2271 suarum
1298 2237 1387 2271 ex-

326 2295 623 2344 tenuatione
660 2295 937 2347 illustrata.
1019 2297 1180 2349 Qttasi
1216 2297 1385 2346 dicat:

328 2370 461 2419 Laus
483 2370 690 2434 quidem
725 2371 767 2419 si
802 2372 973 2421 obiter
996 2372 1061 2422 ad
1084 2386 1166 2422 me
1196 2372 1389 2433 veniat,

325 2461 429 2497 non
453 2454 533 2496 est
553 2446 1000 2510 recusandae—Si,
1016 2447 1123 2512 qm]
1146 2447 1388 2498 Modeste

328 2523 463 2572 vires
503 2538 618 2571 suas
657 2530 926 2573 extenuat.
992 2525 1044 2574 Si
1088 2525 1211 2589 quid
1248 2524 1386 2576 forte

327 2599 520 2661 aptius,
555 2600 871 2659 concinnius,
905 2601 1192 2664 elegantius
1236 2617 1267 2649 a
1306 2615 1388 2649 rne

327 2676 529 2725 edatur.
573 2676 730 2725 Exire
751 2677 884 2725 enim
909 2676 992 2725 bic
1014 2683 1113 2738 est,
1132 2677 1198 2725 ad
1214 2676 1388 2740 finem,

323 2766 385 2802 ac
410 2760 596 2801 metam
622 2753 908 2815 pervenire.
977 2754 1179 2803 casaub.

389 2832 456 2876 46
491 2829 708 2889 Quando,
737 2831 843 2893 &sc-1
905 2830 1186 2893 Singularis
1222 2831 1386 2880 Persii

325 2903 596 2960 modestia.
646 2919 739 2952 sna
792 2906 1138 2955 extenuantis.
1226 2908 1387 2959 Quasi

325 2981 502 3032 dicat:
562 2981 719 3030 Forte
769 2983 953 3031 merito
996 2982 1134 3044 dico,
1180 2983 1387 3048 quando

323 3057 425 3110 ἡστι-
445 3058 564 3118 uuis,
600 3063 660 3106 ut
702 3057 875 3120 aptius
916 3058 1108 3122 aliquid
1150 3059 1388 3120 scribam,

326 3147 444 3183 rara
482 3133 755 3182 admodum
796 3134 935 3197 apud
979 3148 1060 3182 me
1098 3142 1196 3196 est,
1218 3135 1268 3183 id
1292 3142 1388 3197 est,

325 3223 497 3259 rarum
520 3209 756 3262 nimirum
791 3217 848 3260 et
879 3210 1187 3260 inusitatum
1204 3217 1304 3272 est,
1328 3218 1387 3260 ut

326 3285 518 3349 aliquid
542 3285 691 3334 laude
722 3285 931 3349 dignum
955 3301 986 3334 a
1007 3300 1089 3335 me
1110 3285 1384 3335 scribatur.

327 3363 447 3422 Vel,
494 3361 644 3410 Licet
680 3362 985 3410 concinnum
1026 3362 1227 3424 poe'ma,
1272 3375 1386 3411 rara

326 3440 436 3489 avis
455 3439 543 3500 sit,
563 3445 621 3489 et
642 3439 856 3488 Pboenix
890 3439 1039 3488 alter.
1111 3440 1386 3488 Fur-nub.—

326 3516 385 3566 Sa·
420 3517 545 3579 qais,
570 3513 679 3578 ξφ]
736 3516 897 3565 Quasi
921 3515 1094 3563 dicat:
1132 3516 1186 3563 Si
1212 3523 1383 3564 tamen

323 3590 437 3640 fieri
473 3591 652 3654 possit,
693 3597 751 3640 ut
787 3590 1086 3640 concinnius
1121 3590 1317 3655 aliquid
1355 3605 1386 3640 a

323 3667 759 3718 meseriberetur.
826 3667 998 3719 lubin.

387 3748 452 3792 47
484 3744 713 3806 Lmedari,
733 3746 839 3809 ξφ]
903 3744 967 3793 Id
991 3750 1087 3808 est,
1113 3744 1283 3794 Nolim
1302 3745 1385 3794 vel

325 3835 559 3870 recusem
581 3821 797 3870 laudari.
865 3822 1076 3871 Interea
1114 3836 1293 3870 vanarn
1327 3823 1397 3869 il·-

323 3898 425 3947 lam
451 3898 626 3961 populi
650 3912 822 3946 auram
848 3912 949 3946 non
971 3898 1243 3947 ambitiose
1265 3913 1385 3947 con-

321 3974 761 4036 sector.-—Neque,
779 3974 887 4037 ζα]
953 3973 1072 4022 Non
1094 3973 1258 4023 babeo
1281 3974 1387 4023 ani-

322 4065 462 4100 mum
482 4051 615 4099 adeo
636 4049 819 4098 durum
842 4055 898 4098 et
921 4048 988 4098 ab
1008 4049 1147 4098 omni
1169 4049 1386 4098 humano

321 4124 535 4176 adfectu
586 4138 843 4184 aversum,
894 4130 953 4174 ut
1003 4124 1144 4173 nullo
1192 4125 1399 4174 bonore.

320 4201 929 4262 commoveat—Cornea,
968 4198 1077 4264 qen]
1165 4201 1385 4249 Prover-

302 4279 469 4334 ,bium
480 4276 534 4329 in
553 4277 691 4340 illos,
723 4277 812 4342 qui
836 4278 977 4326 nullo
998 4274 1189 4327 aflectu
1212 4276 1386 4327 buma-

2267 338 2272 345 ’
2352 340 2530 440 ··2›'0⁶

1463 546 1528 580 no
1550 539 1849 597 tanguntur.
1915 532 1977 583 Id
2002 539 2101 595 est,
2131 532 2328 582 animus
2361 532 2528 582 insen·

1462 610 1626 658 sibilis
1642 619 1699 660 et
1716 609 1974 673 stupidus,
1992 610 2345 659 adamantinus
2365 626 2379 668 3
2418 624 2527 659 cor·

1461 698 1531 733 nu
1571 685 1711 734 enim
1744 699 1843 733 non
1878 686 2054 735 sentit.
2122 685 2527 735 Idem—Cornea

1445 761 1604 827 fibra]
1631 761 1741 811 Etsi
1763 763 1955 812 ἀπαθεῖς
1975 763 2209 812 audimus
2234 777 2324 810 nos
2346 762 2527 824 Stoici,

1461 853 1685 889 amorem
1712 846 1883 889 tamen
1907 854 2007 888 non
2027 840 2261 888 exuimus
2281 839 2426 888 bonae
2452 838 2528 888 fa·

1461 930 1557 963 mae
1579 932 1592 964 :
1644 916 1736 964 sed
1763 915 1931 979 tangit
1954 924 2007 964 et
2033 929 2124 963 nos
2145 929 2205 963 ea
2230 930 2370 965 cura.
2446 914 2528 963 Fi-

1460 990 1547 1039 bru
1568 992 1682 1041 heic
1705 999 1785 1040 est
1808 1006 1899 1040 cor
1920 1007 1932 1039 :
1983 1007 2148 1041 cornea
2166 992 2279 1040 heic
2303 1006 2398 1055 pro
2420 991 2528 1040 va}-

1462 1066 1529 1115 de
1551 1066 1698 1115 dura.
1769 1068 2030 1115 Cannaba-n.

1524 1147 1591 1191 48
1624 1144 1735 1204 Sed,
1756 1143 1862 1206 ξι]
1897 1142 1958 1192 Id
1983 1143 2307 1204 est,1nterea
2331 1150 2525 1203 tamen,

1462 1221 1585 1269 licet
1610 1222 1786 1269 lauda-s
1805 1221 2008 1269 omnino
2028 1234 2129 1269 non
2150 1235 2404 1284 respuam,
2423 1237 2529 1271 om·

1460 1298 1548 1345 nia
1571 1304 1787 1361 propter
1826 1298 2002 1361 populi
2046 1297 2246 1345 laudem
2279 1305 2524 1361 tanquam

1461 1374 1617 1423 finem
1652 1382 1940 1423 extremum
1972 1381 2026 1423 et
2050 1390 2298 1424 summurn
2335 1376 2525 1425 bonurn

1462 1447 1755 1499 faciendum
1780 1464 1881 1498 non
1912 1464 2118 1500 censeo.
2187 1451 2249 1499 ld
2282 1458 2378 1507 est,
2422 1451 2525 1501 Re-

1462 1540 1600 1585 cuso,
1622 1539 1723 1575 non
1747 1525 1984 1587 admitto,
2022 1541 2122 1576 non
2145 1527 2373 1576 concedo
2398 1527 2526 1578 illud

1465 1609 1609 1652 tuum
1646 1617 1761 1664 euge
1792 1610 1847 1652 et
1881 1610 2021 1651 tuum
2059 1602 2190 1662 belle,
2213 1603 2263 1651 id
2288 1611 2388 1663 est,
2412 1604 2526 1653 illas

1463 1678 1782 1727 adulantium
1829 1678 2245 1738 acclamationes,
2291 1679 2423 1729 tecti
2469 1679 2526 1728 fi-

1462 1769 1577 1803 nem
1617 1761 1673 1803 et
1712 1761 1997 1803 extremum
2037 1755 2393 1816 esse.-—-Re‹:ti,
2424 1755 2528 1818 &sc-‚J

1463 1831 1642 1881 Pulcri
1665 1840 1719 1881 et
1744 1832 1943 1880 bonesti
1967 1830 2139 1888 finem.
2171 1832 2239 1881 ob
2264 1846 2414 1895 quem
2446 1846 2526 1880 re-

1470 350 1633 439 Sa'r.
1683 390 1729 437 1.

1463 1911 1604 1975 liqna
1625 1910 1794 1959 omnia
1823 1911 2527 1974 expetuntur.——E.ttrernum]

1460 1988 1676 2037 Scilicet
1713 1986 1884 2048 tinem,
1919 1994 1974 2036 et
2017 2000 2268 2035 summum
2316 1985 2524 2035 bonum.

1459 2065 1633 2119 herim

1522 2146 1592 2191 49
1627 2141 1784 2204 Euge]
1817 2141 1917 2190 Hae
1943 2140 2077 2190 enim
2103 2155 2256 2189 voces
2275 2146 2424 2190 erant
2445 2155 2528 2190 ac-

1459 2219 1793 2268 clamantium
1831 2218 2138 2276 studitarum,
2159 2225 2213 2267 et
2235 2218 2528 2268 adsentatoa·

1461 2310 1572 2343 rum
1597 2295 1933 2346 adulantium.
2001 2296 2096 2344 Est
2120 2296 2255 2343 enim
2293 2297 2529 2360 interjec-

1459 2372 1533 2420 tio
1587 2371 1926 2421 adsentientis
1991 2378 2045 2421 et
2099 2374 2525 2435 congratulantis.

1458 2448 1545 2498 Sic
1589 2449 1863 2498 Horatius:
1916 2450 1930 2476 ⁴
1958 2448 2213 2498 clamabit
2249 2450 2382 2499 enim
2417 2450 2527 2513 pul·

1459 2539 1565 2584 cre,
1591 2525 1741 2584 bene,
1765 2522 2182 2585 recte.’—Tuum]
2250 2525 2365 2574 Hoc
2388 2526 2524 2574 enim

1458 2598 1562 2647 fine
1584 2599 1770 2648 scribis
1791 2615 1804 2657 ;
1841 2599 1894 2647 id
1916 2599 2119 2648 unicum
2146 2608 2288 2649 tuum
2312 2610 2393 2648 est
2412 2615 2531 2663 pro-

1464 2676 1705 2739 positum,
1761 2690 1876 2724 cum
1933 2675 2363 2736 scribis.—Nam,
2415 2676 2524 2739 δῖα]

1462 2752 1581 2801 Hoc.
1601 2758 1771 2799 autem
1792 2751 1906 2800 belle
1928 2750 2188 2813 ingeniose
2208 2763 2261 2800 et
2286 2753 2525 2815 ambigue

1460 2827 1674 2890 repetit.
1733 2828 1918 2877 Potest
1939 2833 1992 2876 et
2015 2830 2244 2888 τεχνικῶς
2263 2837 2321 2880 et
2343 2830 2527 2878 adver·

1462 2905 1666 2953 bialiter
1688 2904 1928 2968 intelligi,
1951 2905 2000 2953 id
2026 2915 2128 2964 est,
2151 2907 2434 2955 Universas
2466 2907 2527 2956 il-

1461 2982 1540 3030 las
1563 2981 1982 3039 acclamationes,
2007 2990 2061 3031 et
2085 2989 2248 3030 toturn
2275 2984 2399 3032 illud
2425 2985 2525 3033 Eu-

1456 3073 1520 3119 ge
1558 3066 1611 3107 et
1653 3058 1786 3116 belle,
1824 3058 1959 3121 quod
1985 3059 2052 3105 ab
2076 3059 2391 3107 auditoribus
2431 3060 2526 3108 tibi

1460 3133 1731 3183 acclamari
1770 3140 2040 3196 tantopere
2074 3136 2292 3196 expetis,
2315 3150 2527 3185 accura-

1462 3211 1562 3259 tius
1605 3210 1870 3273 perpende
1922 3215 1975 3258 et
2016 3210 2303 3260 considera.
2388 3213 2538 3262 Nam-

1459 3285 1584 3349 quid
1618 3285 1744 3334 illud
1770 3285 2027 3344 vanitatis,
2050 3286 2359 3336 adulationis
2383 3297 2436 3337 et
2463 3290 2525 3336 ir-

1458 3364 1658 3411 risionis
1680 3377 1780 3412 non
1805 3364 1943 3412 intus
1983 3365 2032 3411 in
2075 3378 2131 3413 se
2164 3365 2525 3414 babet?—Ex-

1456 3439 1584 3502 cute]
1632 3437 1967 3499 Ἐκτινόσσον,
2003 3440 2084 3487 bic.
2108 3455 2199 3502 pro
2222 3441 2421 3504 singula
2445 3454 2526 3488 se·

1456 3516 1611 3564 orsim
1635 3515 1983 3564 considerare.
2053 3517 2251 3563 Casuub.
2529 3547 2538 3558 .

1522 3595 1588 3639 60
1624 3590 1771 3651 Quid,
1793 3590 1900 3652 ξω]
1935 3590 2293 3650 ’Amatha-rna,
2317 3590 2523 3641 scilicet

1458 3667 1793 3730 ineptiarum,
1813 3667 2072 3721 vanitatis,
2092 3666 2419 3726 adulationis,
2443 3683 2523 3730 sy-

1458 3742 1869 3806 cophantiarum,
1922 3740 2133 3790 fraudist
2154 3768 2219 3776 —
2244 3742 2370 3799 Non,
2414 3742 2521 3805 ξω]

1460 3819 1621 3871 Quasi
1643 3818 1814 3868 dicat:
1868 3818 1985 3867 Non
2023 3825 2082 3866 ut
2120 3817 2295 3866 Attius
2334 3820 2546 3882 Labeo,·

1458 3902 1513 3945 et
1545 3894 1726 3958 reliqui
1772 3894 1985 3942 Romani
2024 3894 2249 3943 nobiles:
2307 3896 2383 3944 sic
2421 3912 2541 3960 ego*

1459 3987 1664 4038 quoque
1699 3971 1764 4020 ad
1802 3972 1976 4036 populi
2015 3972 2292 4037 applausus
2314 3983 2525 4037 captan-

1459 4051 1554 4100 dos
1587 4050 1820 4099 carmina
1853 4049 2022 4099 scribo
2045 4060 2099 4099 et
2126 4051 2308 4099 recito.
2375 4052 2455 4100 Ac
2479 4054 2521 4101 si

1459 4125 1661 4176 diceret
1690 4141 1702 4174 :
1772 4126 1877 4175 Hic
1932 4125 2056 4174 nibil
2111 4127 2276 4175 simile
2330 4127 2522 4177 insanis

1458 4202 1666 4266 scriptis
1723 4202 1857 4251 Attii
1902 4201 2158 4251 Labeonis
2210 4201 2538 4267 reperies.-—·

1459 4278 1583 4341 Hic]
1629 4277 1689 4327 In
1722 4277 1847 4327 meis
1882 4276 2205 4329 Carminibus
2227 4285 2282 4329 et
2302 4277 2540 4343 satyria,
