3050 4913
1095 403 1186 452 BT
1232 402 1670 453 VERBORUM·

348 549 440 600 Sui
463 560 646 608 magna
666 551 817 610 parte
841 551 945 597 cet.
968 545 1041 608 iii,
1060 551 1153 596 194
1210 561 1352 595 men-

279 627 407 664 sura
446 612 704 660 noscenda
744 611 929 675 cuique
967 611 1041 671 xi,
1078 615 1140 660 85
1208 611 1353 659 dissi-

281 679 459 728 milem
483 676 680 724 vultum
706 691 758 736 x,
784 680 874 724 192
939 675 1038 724 sibi
1063 675 1354 737 prandebat

284 743 405 802 xiii,
435 746 501 790 46
570 740 740 803 gravis
775 754 824 803 x,
860 744 952 788 201
1023 741 1168 803 pouit
1206 754 1356 803 apros

285 808 326 870 i,
349 810 445 856 140
510 805 806 865 emitis-,22
870 805 1138 853 selautum
1158 803 1358 853 fecerat

287 872 329 932 i,
349 874 414 920 67
481 884 595 917 sese
620 869 888 916 indulsisse
905 867 1104 916 ardenti
1123 869 1358 918 Tribuuo

289 936 353 998 ii,
377 939 471 983 165
539 948 714 982 secum
741 934 815 981 ita
835 932 1014 996 (dicit)
1035 933 1144 994 xiii,
1167 937 1227 981 91

358 999 570 1047 Suillam
607 997 830 1046 humana
865 1011 1017 1046 carne
1057 997 1131 1045 nil
1166 997 1360 1045 distare

298 1071 484 1129 putant
505 1064 614 1123 xiv,
633 1067 699 1110 98

364 1128 570 1176 Sulcum
593 1128 754 1174 iatum
773 1125 948 1173 media
970 1124 1181 1188 deducit
1208 1139 1363 1173 arena

294 1193 335 1255 i,
359 1195 448 1241 157
517 1206 549 1238 a
569 1191 711 1239 sulco
733 1190 815 1237 vel
831 1189 1011 1239 scrobe
1031 1190 1366 1238 redeuntibus

297 1258 407 1316 xiv,
455 1259 549 1304 170
637 1256 804 1304 sulcos
846 1255 1079 1304 ducimus
1128 1254 1267 1303 tenui
1312 1254 1364 1301 in

296 1320 533 1387 pulvere,
592 1329 642 1366 et
702 1321 851 1368 littus
898 1333 1157 1367 versamus
1200 1318 1366 1367 sterili

299 1392 473 1434 aratro
515 1383 605 1443 vii,
636 1387 702 1432 48
768 1383 820 1431 in
851 1397 1068 1447 qnorum
1102 1384 1255 1430 suicis
1297 1383 1368 1430 le-

301 1449 481 1513 giones
520 1448 765 1497 dentibus
802 1447 992 1510 anguis·
1020 1461 1139 1496 cum
1169 1446 1369 1510 ciypeis

303 1519 588 1563 nascuntur
610 1511 715 1571 xiv,
736 1515 831 1560 241
1123 1513 1126 1516 “

317 1593 326 1610 ·
367 1577 717 1628 Sulmonensis
759 1574 901 1625 facta
942 1590 1087 1625 mera
1126 1575 1372 1639 Cecropis

305 1642 356 1691 τ’
401 1646 495 1691 187

342 1657 630 1769 ¹’Sulphure
652 1711 827 1767 coepta
859 1704 1100 1754 incendia
1135 1705 1244 1764 xiii,
1281 1708 1384 1756 145.

308 1769 506 1821 sulfura
541 1770 581 1818 si
622 1784 720 1833 qua
757 1769 1007 1818 darentur
1049 1785 1166 1819 cum
1207 1767 1378 1829 taedis,

311 1835 525 1899 cupient
565 1834 772 1883 lustrari
815 1835 868 1895 ii,
908 1839 998 1884 158
1064 1835 1200 1882 vitro
1222 1839 1378 1896 rupto

311 1907 613 1964 poscentem
639 1898 857 1947 calicem
896 1913 947 1958 v,
991 1902 1056 1947 48

375 1965 499 2014 Sum
522 1965 694 2018 homo,
716 1963 906 2011 clames
926 1963 1052 2011 licet
1071 1969 1172 2011 cet.
1194 1962 1262 2022 vi,
1282 1964 1379 2010 284

313 2036 393 2078 est
436 2028 648 2092 aliquid,
707 2042 818 2076 sese
873 2025 1060 2076 fecisse
1118 2027 1381 2075 domiuum

319 2094 466 2142 unius
489 2093 695 2142 lacertae
720 2091 795 2151 iii,
815 2096 913 2141 230
980 2099 1060 2140 est
1084 2091 1264 2139 summi
1291 2091 1380 2138 du·

320 2158 412 2219 cis,
453 2157 692 2206 occidere
736 2157 955 2205 Galbam
1000 2155 1054 2216 ii,
1100 2159 1193 2204 104
1279 2168 1381 2202 non

320 2228 414 2284 est,
456 2223 594 2286 quod
636 2229 823 2283 agatur
865 2219 1000 2282 apud
1049 2235 1138 2268 vos
1178 2219 1249 2281 vi,
1287 2222 1382 2267 395

321 2293 457 2347 sunt,
490 2301 532 2333 s.
560 2286 812 2345 existunt,
848 2300 886 2332 s.
910 2284 1258 2345 inveniuntur,
1296 2282 1398 2347 quix

319 2349 626 2415 promittant
650 2356 753 2398 cet.
792 2349 883 2409 xii,
921 2352 1012 2396 101
1081 2357 1216 2409 suut,
1257 2362 1384 2411 quos

321 2415 586 2465 delectent
627 2413 694 2475 vi,
716 2417 813 2462 366
878 2419 1017 2472 sunt,
1054 2412 1106 2462 iu
1148 2414 1385 2462 Fortunae

358 2481 411 2529 ui
449 2480 651 2529 casibus
696 2479 867 2527 omnia
920 2485 1116 2540 ponant
1171 2477 1279 2538 xiii,
1323 2480 1388 2525 86

323 2496 494 2595 antrat
518 2544 723 2592 scilicet
744 2543 860 2603 boc,
888 2550 1104 2606 propter
1138 2541 1277 2605 quod
1302 2554 1389 2590 cu·

324 2609 461 2659 curri
481 2624 530 2668 ν,
545 2613 612 2657 76
675 2608 742 2655 sit
766 2608 896 2656 tanti
920 2608 1027 2654 vita
1050 2621 1104 2668 x,
1127 2610 1222 2655 343
1289 2606 1391 2654 siet

324 2673 436 2732 xiii,
461 2676 558 2722 102
611 2679 742 2732 esto,
763 2678 878 2720 esto
898 2669 1044 2719 dives
1066 2671 1179 2731 tibi,
1195 2683 1393 2732 pauper

327 2737 504 2786 amicis
535 2750 586 2794 v,
621 2740 714 2784 112
781 2744 892 2784 esto
924 2735 1084 2783 bonus
1116 2735 1262 2783 miles
1283 2734 1393 2795 viii,

326 2805 408 2851 79
478 2809 625 2849 esto:
684 2799 864 2848 desisti
909 2813 1095 2862 nempe
1143 2799 1253 2860 viii,
1297 2802 1392 2847 164

329 2866 403 2914 nil
428 2864 633 2923 fecerit,
653 2870 796 2913 esto:
821 2865 915 2912 hoc
939 2866 1054 2912 volo
1079 2865 1148 2924 vi,
1169 2868 1234 2912 22
1282 2877 1395 2911 esse

330 2930 374 2979 si
412 2929 488 2978 vis
524 2928 717 2992 aliquid
762 2942 802 2977 s.
844 2928 1028 2991 aliquis
1069 2928 1106 2988 i,
1141 2932 1204 2976 74
1282 2941 1395 2975 esse

331 2994 452 3042 viris
474 2994 721 3042 nonlicet
755 3007 811 3051 x,
846 2996 942 3040 304
1008 3006 1118 3040 esse
1159 2992 1209 3039 in
1249 2998 1398 3054 parte

335 3058 557 3107 Senatus
600 3058 672 3116 xi,
726 3061 789 3105 30
874 3070 987 3104 esse
1029 3054 1193 3116 fideii,
1239 3054 1398 3118 priori

331 3129 435 3172 oet.
472 3122 616 3181 iicet,
658 3120 898 3182 contigit,
933 3120 1054 3169 satis
1096 3128 1175 3169 est
1213 3135 1266 3179 x,
1304 3123 1399 3168 304

332 3185 512 3234 futura
531 3186 697 3249 qualis
717 3185 786 3234 sit
806 3199 938 3232 uxor
972 3199 1026 3244 x,
1047 3187 1142 3233 353
1208 3181 1399 3233 futurae

335 3251 503 3299 laudis
526 3249 635 3310 viii,
654 3253 716 3297 75
783 3247 944 3297 futuri
966 3249 1132 3311 caiigo
1153 3249 1220 3306 vi,
1241 3251 1338 3297 556

400 3314 591 3362 Sumen
634 3312 867 3362 mirabile
930 3313 1064 3361 iaetis
1107 3310 1403 3376 Phrygibus

336 3379 429 3438 xii,
453 3382 516 3427 73
585 3378 783 3426 sumine
807 3390 924 3426 cum
952 3390 1137 3440 magno
1162 3377 1310 3440 lepus
1334 3376 1406 3440 xi,

404 3506 572 3555 Sumit
605 3513 869 3568 segmenta
897 3513 952 3554 et
989 3508 1167 3569 longos
1201 3504 1406 3554 babitus

340 3568 396 3631 ii,
421 3574 512 3620 124
580 3571 706 3618 iram
729 3579 886 3646 atque
923 3571 1119 3618 animos
1141 3584 1172 3618 a
1195 3569 1409 3619 crimine

340 3636 414 3695 vi,
433 3640 528 3683 285
599 3643 752 3683 nocte
772 3636 955 3698 dieque
973 3635 1189 3682 alienum
1209 3636 1407 3683 vultum

344 3698 420 3760 iii,
447 3704 537 3748 105
597 3699 1106 3761 trechedipuaiii,¹6⁷
1160 3698 1410 3747 meretrix

345 3762 584 3825 Augusta
622 3773 899 3811 nocturnos
940 3764 1167 3812 cucullos
1207 3764 1276 3824 vi,
1301 3767 1413 3823 118,

345 3830 445 3876 380
510 3826 704 3875 ferrum
730 3828 881 3889 ix,9⁷
934 3835 1240 3890 praetextam
1265 3827 1411 3889 hujus

348 3895 487 3952 κ,99
553 3905 701 3939 nemo
729 3901 917 3954 togam,
956 3892 1050 3939 nisi
1077 3900 1307 3939 mortuus
1340 3892 1414 3949 iii,

349 3959 446 4005 172
512 3961 783 4017 utrumque
827 3955 945 4003 iude
988 3956 1215 4004 habitum
1254 3954 1415 4003 facies

350 4019 426 4080 ix,
450 4023 512 4067 19
576 4020 776 4067 luxuria
810 4020 859 4066 iu
890 4020 1134 4069 Ventidio
1160 4019 1415 4067 laudabile

349 4095 538 4131 nomen
575 4084 646 4146 xi,
686 4088 749 4131 23
819 4084 1120 4133 redimicula
1163 4082 1417 4132 frontibus

351 4147 413 4207 ii,
454 4151 520 4195 84
610 4161 807 4210 pennas
851 4149 923 4205 iii,
969 4154 1031 4198 80
1117 4149 1272 4197 talem
1317 4162 1417 4197 nou

352 4210 600 4260 damnata
624 4219 793 4275 togam
818 4212 874 4276 ii,
894 4217 958 4261 70
1024 4214 1210 4277 pocula
1234 4230 1284 4276 v,
1307 4217 1419 4262 128.

487 4366 666 4431 nupt..
688 4372 735 4416 ee
765 4367 881 4422 Vm.
908 4369 1033 4420 σιω.

2338 390 2496 458 cxlv

1430 562 1483 609 x,
1505 552 1571 597 26
1637 545 1891 610 flagellum
1932 547 2070 596 clara
2109 547 2224 596 luce
2258 545 2365 609 viii,
2397 550 2503 598 152-

1431 613 1559 661 duos
1584 613 1798 676 Equites
1819 612 1923 672 xiv,
1945 616 2043 661 326
2106 612 2336 660 multicia
2353 612 2409 672 ii,
2431 615 2497 662 66

1432 677 1672 740 ponenda
1717 676 1924 740 praemia
1962 678 2039 735 iii,
2076 681 2141 725 56
2207 692 2321 740 quae
2358 677 2499 725 ludia

1434 756 1654 805 unquam
1689 740 1778 789 bos
1809 740 2012 789 habitus
2054 741 2121 800 vi,
2157 743 2252 788 266
2318 741 2502 790 Satur·

1434 820 1533 854 nus
1578 805 1780 866 fugiens
1825 813 2077 866 agrestem
2124 815 2288 868 posito
2326 806 2500 855 diade·

1436 878 1573 918 mate
1596 868 1780 918 falcem
1798 870 1907 928 xiii,
1925 874 1989 918 39
2040 869 2225 918 sumito
2243 869 2335 918 tibi
2356 884 2504 934 proa-

1436 947 1555 982 vum
1596 934 1663 982 de
1704 946 2027 997 quincumque
2068 933 2201 982 libro
2253 934 2360 994 viii,
2405 937 2501 984 184

1436 998 1653 1047 sumitur
1697 999 1865 1046 aliena
1901 1011 2023 1046 arra
2068 998 2140 1057 iii,
2185 1001 2275 1046 181
2344 999 2511 1061 illinc,'

1438 1063 1576 1128 quod
1603 1070 1841 1125 captator
1866 1071 2002 1111 emat
2026 1077 2075 1125 v,
2105 1067 2167 1111 97
2236 1064 2505 1127 scaphium

1441 1128 1624 1191 positis
1658 1127 1812 1175 armis
1847 1126 1914 1186 vi,
1951 1131 2046 1175 264
2114 1128 2236 1175 bora
2270 1142 2335 1175 ex
2370 1127 2506 1177 libro

1443 1193 1512 1252 vi,
1548 1196 1644 1240 578
1726 1197 1963 1240 sumente
2005 1192 2311 1240 cothurnum
2347 1191 2509 1241 satira

1443 1257 1514 1315 vi,
1534 1259 1629 1304 634
1697 1261 1913 1304 sumtum
1938 1264 2138 1317 partem
2173 1255 2239 1304 de
2274 1256 2507 1320 margine

1444 1335 1603 1370 coenae
1650 1320 1718 1382 iv,
1756 1323 1819 1367 30
1899 1327 2097 1368 sumtos
2135 1334 2364 1368 nummos
2405 1333 2510 1369 uon

1445 1384 1666 1434 reddere
1707 1384 1813 1443 xvi,
1852 1387 1916 1432 40
1983 1384 2161 1431 sumtis
2200 1384 2381 1447 pennis
2428 1384 2511 1433 iili

1446 1449 1626 1498 eadem
1651 1453 1887 1511 quaerunt
1911 1448 2143 1497 animalia
2168 1449 2273 1507 xiv,
2295 1452 2360 1496 76
2427 1463 2509 1497 su-

1447 1514 1657 1561 mendas
1682 1512 1734 1560 in
1761 1518 2071 1576 tempestate
2095 1526 2301 1561 secures
2338 1512 2427 1574 xii,
2444 1515 2509 1561 61

1515 1579 1721 1625 Summa
1742 1576 1929 1639 exigua
1952 1576 2142 1625 vendet
2161 1576 2391 1639 perjuria
2407 1575 2518 1638 xiv,

1450 1645 1548 1691 218
1614 1650 1850 1691 votorum
1872 1656 1925 1700 ν,
1949 1644 2010 1689 18
2077 1655 2322 1689 summam
2345 1639 2516 1699 effice,

1452 1719 1604 1770 quam
1629 1705 1710 1753 lex
1745 1705 1964 1754 Othonis
2005 1703 2246 1765 dignatur
2288 1704 2364 1753 bis
2397 1718 2514 1768 sep·

1452 1778 1557 1819 tem
1601 1769 1866 1819 ordinibus
1901 1768 2007 1831 xiv,
2049 1771 2144 1816 323
2231 1768 2516 1830 perituram

1453 1847 1712 1883 arcessere
1755 1833 1829 1895 xi,
1871 1838 1932 1882 17
1998 1832 2245 1895 majorem
2288 1832 2520 1895 perdidit

1453 1899 1565 1953 xiii,
1603 1902 1667 1946 74
1746 1896 1811 1946 ad
1853 1911 2118 1958 summam,
2159 1911 2262 1944 non
2302 1898 2519 1946 Maurus

1455 1970 1568 2011 erat
1592 1962 1743 2025 iii,79

1518 2027 1782 2076 Summuia
1802 2040 1867 2076 ne
1893 2033 2073 2090 pereat
2095 2027 2185 2086 vii,
2210 2031 2304 2077 174

1521 2092 1757 2140 Summus
1780 2091 1939 2140 bonos
1961 2107 2074 2141 cum
2113 2096 2387 2157 computet
2418 2096 2523 2141 cet.

1457 2157 1493 2219 i,
1516 2160 1608 2205 117
1666 2156 1756 2205 aer
1776 2157 1997 2205 vertitur
2023 2159 2091 2218 vi,
2114 2161 2179 2205 99
2229 2155 2523 2206 locusnuUa

1457 2235 1561 2269 uon
1596 2227 1708 2269 arte
1746 2222 1941 2285 petitus
1974 2236 2025 2279 x,
2057 2225 2151 2269 110
2233 2220 2351 2269 inde
2384 2219 2528 2269 furor

1460 2300 1547 2347 xv,
1567 2288 1628 2333 35
1696 2299 1891 2334 summa
1923 2285 2162 2349 voluptas
2184 2287 2256 2348 vi,
2278 2289 2376 2334 369
2440 2284 2532 2334 bo·

1461 2364 1530 2398 na
1554 2358 1704 2412 putes
1738 2364 1790 2408 ν,
1812 2353 1843 2397 2
1909 2351 2129 2413 quaestio
2169 2349 2369 2411 vii,l55
2439 2363 2529 2411 pe·

1464 2414 1629 2463 ricula
1654 2428 1822 2463 rerum
1857 2414 1964 2476 viii,
1983 2417 2080 2463 249
2145 2413 2211 2463 de
2235 2419 2385 2477 parte
2410 2412 2531 2462 coeIi

1464 2486 1668 2543 raptum
1703 2479 1875 2541 iguem
1912 2493 1998 2540 xv,
2040 2482 2102 2527 85
2171 2492 2291 2527 arce
2324 2477 2536 2526 Tiburis

1465 2544 1571 2604 xiv,
1611 2546 1674 2591 87
1755 2557 2000 2591 summam
2045 2540 2291 2590 diducere
2335 2549 2535 2590 vestem

1466 2607 1580 2666 xiii,
1624 2609 1718 2655 132
1805 2620 2055 2655 summum
2098 2606 2320 2655 domiuae
2365 2602 2538 2654 femur

1468 2671 1758 2720 exclamare
1798 2670 1969 2733 coegit
2013 2670 2219 2730 νί,·423
2288 2671 2538 2718 bonorem

1468 2742 1699 2784 meretur
1719 2735 1789 2795 vi,
1806 2738 1902 2783 532
1969 2734 2123 2784 crede
2146 2732 2292 2783 nefas
2315 2734 2538 2782 animam

1509 2798 1721 2848 referre
1742 2798 1931 2863 pudori
1947 2799 2054 2860 viii,
2071 2802 2134 2847 83
2203 2798 2267 2847 ad
2288 2811 2540 2847 summum

1492 2871 1605 2913 atus
1628 2878 1809 2912 navem
1837 2864 2018 2927 implet
2038 2863 2290 2912 mercibus
2312 2864 2418 2924 xiV,
2440 2865 2541 2910 289

1472 2928 1650 2977 summi
1706 2928 1825 2978 iibri
1881 2929 2108 2992 margine
2157 2928 2383 2990 scriptus
2430 2925 2465 2986 i,
2508 2931 2545 2974 6

1475 3007 1742 3056 processus
1786 3006 1919 3041 nunc
1965 2993 2045 3040 via
2091 2991 2305 3054 optima,
2352 2990 2542 3045 vetuioe

1477 3057 1651 3105 vesica
1669 3056 1836 3104 beatae
1854 3057 1889 3116 i,
1906 3061 1969 3105 38
2020 3055 2162 3105 ducis
2179 3064 2278 3117 est,
2301 3053 2545 3105 occidere

1478 3120 1719 3181 Galbam,
1741 3128 1795 3169 et
1819 3135 2000 3169 curare
2022 3128 2196 3170 cutem
2221 3119 2400 3169 summi
2424 3132 2548 3167 cou-

1479 3185 1674 3235 stantia
1711 3185 1835 3234 civis
1880 3186 1938 3245 ii,
1977 3189 2088 3245 104,
2128 3188 2220 3233 105
2288 3184 2437 3235 Jovis
2475 3182 2544 3232 ad

1479 3264 1618 3299 aram
1643 3264 1695 3311 x,
1712 3254 1808 3298 268
1874 3250 1991 3298 coeii
2015 3248 2117 3297 fida
2134 3248 2458 3298 internuncia
2476 3247 2549 3309 vi,

1479 3318 1574 3363 545
1629 3328 1823 3363 summo
1840 3329 1869 3362 a
1888 3313 2043 3378 poe'ta
2063 3320 2116 3363 et
2136 3314 2344 3362 minimo
2365 3312 2549 3360 eadem

1481 3385 1729 3441 expectes
1753 3379 1790 3440 i,
1814 3382 1874 3427 14
1940 3377 2187 3426 Pontifici
2211 3376 2435 3426 destinat
2449 3376 2549 3423 hoc

1483 3450 1768 3493 monstrum
1804 3443 1873 3505 iv,
1892 3446 1958 3491 46
2021 3442 2074 3490 in
2097 3456 2222 3491 arcu
2249 3440 2408 3489 tristis
2431 3444 2555 3501 capi

1485 3507 1623 3556 tirus
1646 3522 1701 3564 x,
1723 3510 1818 3556 136
1887 3508 1937 3555 iu
1969 3507 2099 3555 duce
2124 3512 2249 3570 quot
2282 3504 2438 3552 libras
2477 3502 2553 3551 iu·-

1488 3572 1664 3620 venies
1706 3587 1760 3633 x,
1804 3575 1895 3619 147
1979 3584 2198 3619 summas
2233 3569 2305 3616 iili
2347 3566 2550 3617 curules

1487 3635 1679 3684 donare
1720 3651 1772 3697 x,
1808 3638 1868 3683 91
1939 3635 2143 3683 summis
2170 3632 2418 3681 AEdilibus
2442 3631 2552 3681 iliic

1488 3697 1744 3748 sufficiunt
1770 3698 1957 3748 tunicae
1988 3699 2117 3746 aibae
2159 3698 2233 3759 iii,
2254 3700 2354 3746 179
2419 3695 2559 3759 pari-'

1490 3771 1572 3812 ter
1593 3764 1911 3826 minimisque
1935 3763 2115 3810 eadem
2148 3762 2307 3811 iibido
2348 3760 2416 3821 vi,
2458 3763 2559 3810 349

1490 3828 1728 3876 monstris
1763 3828 1929 3875 minor
1951 3827 2225 3875 admiratio
2249 3825 2465 3874 debetur
2486 3824 2559 3888 vi,

1491 3896 1589 3941 646
1655 3906 1748 3953 pro
1791 3892 1999 3940 summis
2045 3892 2157 3939 haec
2197 3892 2386 3939 ete-uim
2437 3894 2561 3939 sunt'

1492 3957 1604 4017 viii,
1638 3960 1731 4004 112
1798 3969 2017 4004 summos
2051 3971 2200 4018 posse
2226 3956 2361 4003 viros
2384 3958 2561 4004 crasso

1494 4020 1590 4068 sub
1615 4020 1734 4069 aete
1767 4021 1911 4069 nasci
1946 4036 1997 4081 x,
2031 4025 2096 4068 49
2162 4021 2213 4069 iu
2237 4022 2445 4068 summis
2467 4017 2560 4067 mi-

1495 4085 1745 4149 nimisque
1776 4085 1926 4133 rebus
1949 4086 2019 4147 xi,
2040 4089 2104 4135 36

1559 4150 1741 4199 Sumtu
1764 4150 1940 4198 leviori
1964 4156 2167 4200 constat
2190 4148 2361 4198 bellua
2386 4146 2470 4208 vii,
2495 4149 2561 4195 77

1497 4221 1696 4264 sumtus
1717 4215 1853 4265 inter
1886 4215 1977 4266 hoe
2008 4214 2247 4266 sestertia
2283 4210 2386 4260 duo
2424 4207 2565 4260 unffi--v

1312 4367 1424 4420 Iud.
1456 4369 1575 4431 Juv.
2400 4367 2435 4415 k
