3050 4913
526 350 660 418 280

519 510 615 560 hus
637 510 959 576 captivorum
976 526 1120 563 arma
1135 514 1189 564 in
1202 513 1458 577 judicium
1476 515 1584 565 vic-

522 588 670 638 toriae
693 587 1068 652 adfigebantnr.
1110 590 1282 640 labin.

583 666 649 711 46
685 663 989 727 Chlanydes]
1016 665 1239 729 chlamys
1258 671 1376 715 erat
1396 665 1583 714 milita-

514 737 585 787 ris
608 739 782 798 vestis,
802 741 956 800 pallio
975 740 1253 803 astrictior,
1275 748 1332 790 et
1355 740 1581 790 brevior.

512 814 748 875 -Ιιιιιεα,
762 814 867 877 θα]
891 817 1076 865 Vestes
1097 818 1343 867 militares
1363 817 1582 880 villosae,

519 892 702 957 quibus
725 893 1005 942 utebantur
1027 894 1080 941 in
1100 893 1360 958 hybernis.
1393 895 1545 945 Idem.

585 973 649 1018 47
686 969 885 1032 Emeda]
925 971 1089 1019 Erant
1117 971 1352 1021 vehicula
1376 970 1583 1021 Gallica

519 1045 604 1093 vel
621 1043 854 1107 Belgica,
874 1044 1014 1094 corio
1030 1046 1109 1093 vel
1128 1061 1298 1109 panno
1313 1055 1579 1111 cooperta.

517 1119 755 1181 —LooatJ
789 1118 1161 1171 Accomrnodat
1193 1121 1413 1171 ducibus
1448 1123 1581 1172 Ger-

513 1195 678 1245 manis
720 1195 1260 1259 captivis.—Coesoaia]
1332 1198 1578 1261 Caligula

515 1285 663 1331 uxor,
682 1269 949 1319 effrenatae
964 1271 1192 1321 lihidinis
1208 1274 1406 1323 mulier.
1442 1274 1578 1324 Hoec

517 1347 763 1410 Caligulae
787 1347 1028 1410 poculum
1048 1349 1351 1399 amatorium
1371 1363 1583 1413 porrex-

515 1423 581 1485 it,
605 1438 707 1487 quo
729 1424 815 1471 ille
852 1423 904 1472 in
936 1422 1161 1473 furorem
1190 1426 1580 1476 veram—Rhe·

507 1515 610 1563 nos,
632 1499 742 1561 ξω]
800 1500 1108 1562 Germanos,
1148 1501 1316 1550 Rheni
1353 1503 1577 1553 accolas.

508 1576 664 1626 Idem.
730 1575 983 1625 Dorleans
1007 1577 1152 1639 legit,
1173 1577 1361 1627 rhedas.

574 1655 640 1702 48
672 1652 804 1715 Diis,
818 1653 925 1716 ξω]
965 1654 1138 1704 Quare
1173 1652 1291 1702 Diis
1321 1655 1579 1704 immorta-

509 1725 643 1776 libus
666 1727 818 1791 hujus
838 1727 1069 1777 victoriae
1106 1736 1161 1778 et
1200 1729 1441 1792 triumphi
1461 1745 1579 1779 auc-

510 1803 728 1866 toribus,
750 1811 805 1852 et
829 1804 1081 1867 Caligulae
1104 1805 1251 1854 ducis
1286 1805 1474 1868 Genio,
1509 1806 1577 1855 ob

510 1893 590 1928 res
625 1880 875 1942 praeclare
908 1886 962 1928 et
997 1881 1204 1944 egregie
1237 1888 1428 1945 gestas,
1460 1895 1579 1931 cen-

511 1959 621 2003 tum
645 1954 789 2017 paria
812 1954 1160 2016 gladiatorum
1179 1957 1230 2005 in
1248 1957 1507 2006 theatrum
1521 1964 1579 2007 et

505 2043 712 2078 arenam
733 2029 982 2079 inducere
1000 2036 1056 2079 et
1073 2031 1364 2095 producere
1382 2033 1575 2083 consti·

506 2110 616 2154 tuo.
683 2104 905 2154 Munera
941 2113 1111 2155 antem
1152 2106 1478 2170 gladiatoria,
1519 2116 1574 2158 et

506 2179 654 2229 ludos
671 2180 801 2229 adeo
814 2189 1058 2230 cruentos
1075 2183 1127 2230 in
1143 2183 1400 2244 religionis
1420 2189 1573 2246 parte

504 2253 1109 2316 numerabant—Genio]
1166 2257 1383 2306 Naturae
1405 2246 1418 2260 ⁸
1434 2259 1574 2321 Deo,

504 2329 651 2395 cnjus
672 2329 832 2378 ductu
854 2337 909 2379 et
933 2331 1161 2393 auspicio
1182 2346 1264 2381 res
1286 2339 1390 2382 tam
1408 2332 1574 2383 felici·

503 2405 637 2455 citer
659 2406 832 2456 cessit.
902 2407 1104 2458 Tur-neb.
1128 2421 1262 2459 xxx.
1283 2414 1332 2461 7.

567 2487 635 2533 49
670 2484 805 2544 Quis,
826 2484 935 2547 ξω]
982 2486 1213 2549 Scilicet,
1250 2488 1367 2538 Quo
1404 2488 1570 2537 minus

504 2560 614 2610 haec
635 2558 1060 2625 faciam-Ande]
1092 2564 1168 2612 Tu
1206 2571 1378 2613 autem
1406 2564 1572 2614 haeres

501 2651 646 2687 sume
683 2644 879 2687 tautam
904 2638 1058 2687 animi
1094 2638 1478 2702 confidentiam,
1512 2648 1570 2689 et

501 2714 634 2765 aude
658 2714 782 2763 mihi
804 2714 1182 2764 contradicere.
1228 2716 1305 2764 Eo
1327 2716 1488 2778 magis
1511 2729 1568 2765 et

502 2791 787 2855 majoribus
837 2789 1125 2853 sumptibus
1187 2789 1567 2859 haereditatem,

500 2866 585 2916 cui
607 2866 788 2927 inhias,
812 2866 1121 2915 exhauriam.
1160 2867 1419 2916 Cenaben-

564 2947 629 2992 ⁶0
671 2944 772 3005 Va,
794 2942 903 3006 θα]
949 2943 1042 2992 Vae
1065 2944 1178 3005 tihi,
1209 2945 1306 2994 nisi
1330 2945 1453 2994 mihi
1476 2945 1563 2995 ad·

496 3018 751 3069 sentiaris.
768 3020 1018 3083 -Οἱωω,
1059 3020 1165 3084 ξω]
1222 3020 1360 3072 Quin
1404 3022 1563 3071 etiam

497 3095 683 3156 oleum,
699 3101 754 3144 et
776 3101 1057 3159 artocreas,
1074 3097 1245 3146 cibum
1270 3111 1335 3146 ex
1355 3113 1488 3161 pane
1505 3106 1564 3149 et

499 3182 675 3233 carne,
694 3176 849 3235 atque
883 3170 1012 3220 adeo
1034 3172 1260 3235 epulum,
1281 3182 1338 3223 et
1357 3174 1562 3238 congia·

499 3244 630 3295 rium
651 3247 844 3310 populo
867 3246 1073 3310 largior.
1107 3248 1259 3297 Idem.

561 3323 624 3370 51
658 3322 883 3386 Avulsa]
934 3322 1014 3372 An
1057 3330 1132 3385 tu,
1170 3339 1201 3373 o
1234 3326 1400 3389 heres,
1437 3326 1563 3376 illud

493 3396 608 3448 fieri
650 3406 796 3448 vetas
841 3407 898 3450 et
944 3400 1184 3463 prohibes
1199 3403 1402 3458 ?—Dic‚
1453 3403 1563 3466 dm]

499 3475 661 3527 Quasi
682 3477 846 3526 haeres
871 3477 1107 3541 tingatur
1128 3477 1194 3527 ad
1217 3477 1329 3528 haec
1355 3486 1409 3529 et
1425 3493 1563 3528 mur·

496 3558 699 3601 mutet:
736 3552 855 3601 ideo
873 3552 1017 3615 dicit,
1038 3554 1117 3602 die
1132 3554 1271 3617 clare,
1291 3554 1413 3618 quid
1431 3570 1566 3605 mus-

495 3640 599 3687 sas,
623 3627 810 3692 ecquid
842 3629 954 3679 haec
979 3643 1062 3679 res
1091 3629 1191 3679 tibi
1215 3633 1428 3680 molesta
1449 3636 1564 3686 est?

494 3705 690 3767 -Noa,
709 3706 814 3769 ξω]
844 3704 1024 3755 Verba
1059 3706 1298 3768 haeredis,
1333 3714 1391 3757 et
1412 3707 1561 3768 dicit,

497 3791 555 3827 se
579 3792 679 3828 non
705 3780 835 3830 adeo
870 3780 1141 3846 impedire,
1163 3785 1243 3833 vel
1270 3783 1564 3847 prohibere,

496 3864 600 3918 quo
624 3854 789 3905 miuus
825 3858 992 3909 animo
1025 3873 1218 3909 morem
1260 3868 1426 3923 gerat.
1490 3860 1564 3910 Et

494 3928 768 3993 sequentia
791 3930 954 3980 Persii
979 3939 1133 3983 sunt:
1171 3934 1264 3983 Est
1286 3935 1407 3985 mihi
1434 3950 1562 3999 ager

492 4011 763 4055 exossatus
792 4012 848 4055 et
873 4009 999 4057 satis
1034 4009 1225 4060 fertilis
1256 4013 1370 4075 soli,
1405 4019 1465 4062 ut
1485 4011 1561 4061 fa·

493 4081 593 4130 cile
615 4081 877 4131 haeredem
895 4081 1124 4134 invenire
1149 4088 1357 4149 possim.
1392 4089 1542 4139 Idem.

555 4164 620 4207 5²
654 4159 935 4223 Exomtus,
948 4160 1053 4224 qt]
1078 4162 1365 4212 Foecundus
1381 4172 1438 4215 et
1456 4161 1559 4214 fer-

493 4233 697 4301 titiant
727 4235 893 4303 probe
926 4237 1116 4303 cultus,
1150 4254 1182 4289 a
1207 4238 1463 4305 lapidibus
1499 4248 1556 4296 et

1218 369 1436 419 NOTAE
1478 369 1888 419 vAtuoRtm
1935 367 2017 419 IN

1659 512 1795 562 saxis
1820 518 2144 577 repurgatus.
2190 513 2430 565 Turnebus
2455 529 2590 566 xxx,
2612 521 2736 569 ⁷.—

1657 591 1786 652 Age,
1805 589 1907 653 ζα]
1931 590 2120 640 Sensus
2142 598 2253 640 est:
2291 590 2425 655 Age,
2442 593 2484 640 ai
2489 593 2598 655 jam
2618 594 2736 642 nul·

1659 664 1738 712 lus
1777 664 1899 713 mihi
1938 671 2209 728 cognatus,
2248 667 2419 716 nullus
2473 668 2560 732 qui
2604 668 2736 719 mihi

1659 740 2103 805 consanguinitate
2135 743 2445 806 conjunctus
2478 743 2588 807 fiet,
2622 760 2734 795 non

1656 816 1861 865 interea
1875 823 2045 866 tamen
2059 818 2197 867 omni
2212 818 2422 869 haerede
2440 821 2703 872 destituor
2716 840 2733 873 t

1658 893 1750 942 sed
1769 893 1904 941 viam
1925 891 2152 956 Appiam
2191 902 2334 958 peto,
2353 902 2409 944 et
2432 895 2497 944 ad
2533 911 2736 961 paupe-

1655 981 1764 1017 rem
1786 968 1957 1017 vicum
1981 968 2229 1032 Bovillas,
2245 976 2303 1019 et
2319 970 2371 1019 in
2396 972 2531 1022 valle
2553 971 2734 1022 Arici-

1656 1059 1721 1093 na
1744 1044 1809 1094 ad
1831 1045 2020 1094 clivum
2043 1046 2209 1095 virbii
2239 1046 2465 1098 accedo:
2501 1047 2570 1098 ibi
2597 1063 2731 1100 vcro

1654 1120 1860 1169 Manius
1883 1121 2044 1169 haerea
2066 1122 2204 1170 ultro
2227 1123 2348 1171 milri
2368 1129 2563 1186 praesto
2588 1131 2694 1174 est.

1718 1200 1780 1244 ⁵6
1814 1195 2014 1256 Accede,
2032 1194 2140 1258 ξω]
2181 1197 2396 1245 Bovilln
2425 1205 2545 1247 aunt
2581 1198 2730 1249 viena

1652 1269 1720 1320 ad
1758 1270 2089 1320 undecimum
2121 1271 2345 1334 lapidem
2369 1271 2558 1337 Appiae
2591 1274 2692 1324 vie
2710 1292 2727 1325 ι

1653 1346 1775 1411 quia
1808 1346 2087 1411 aliquando
2120 1347 2173 1396 in
2202 1347 2408 1398 Albano
2436 1358 2614 1400 moute
2653 1351 2730 1401 ab

1652 1437 1745 1472 ara
1776 1421 1981 1487 fugiens
2016 1431 2195 1474 taurus
2226 1426 2337 1489 jam
2370 1434 2731 1491 consecratus,

1650 1498 1724 1547 ibi
1744 1498 2145 1563 comprehensus
2169 1507 2266 1550 est.
2334 1501 2467 1550 Inde
2502 1503 2728 1553 Bovillae

1652 1575 1823 1624 dictae.
1877 1576 1985 1626 Vet.
2008 1575 2455 1640 Sem—Bovium]
2508 1579 2725 1643 Pauper

1651 1652 1797 1702 vicus
1816 1657 1928 1702 erat
1950 1655 2129 1703 Romo
2169 1654 2560 1716 proximus,'ubi
2599 1656 2725 1705 Clo-

1650 1725 1765 1777 dius
1798 1742 1829 1775 a
1866 1727 2064 1777 Milone
2095 1726 2405 1778 interfectus
2450 1736 2547 1778 eat.
2583 1731 2720 1780 Mas.

1649 1802 1871 1865 Bovillae,
1891 1817 1993 1853 non
2017 1804 2237 1854 Bobilla.
2283 1805 2471 1855 Lubin.

1713 1884 1779 1929 56
1815 1880 2107 1943 clivumque,
2146 1880 2254 1943 ξω]
2302 1883 2537 1933 Quatuor
2569 1881 2727 1932 milli-

1650 1953 1745 2004 hus
1769 1955 1835 2004 ab
1858 1956 1986 2005 urbe
2006 1962 2090 2005 est
2106 1956 2276 2005 Virbii
2292 1957 2475 2017 clivus,
2488 1972 2594 2021 qna
2614 1957 2723 2006 iter

1650 2038 1731 2081 est
1752 2031 1818 2080 ad
1842 2031 2090 2093 Ariciam,
2129 2037 2183 2081 et
2213 2030 2278 2081 ad
2302 2046 2482 2081 nemus
2505 2033 2721 2096 Diauae,

1649 2105 1737 2157 ubi
1765 2106 1975 2155 Virbius
1999 2107 2209 2168 colitur,
2246 2106 2300 2156 id
2323 2113 2424 2168 est,
2458 2107 2720 2172 Hippoly-

1650 2189 1749 2240 tus,
1783 2182 1920 2246 quod
1962 2181 2037 2230 bis
2074 2182 2128 2230 in
2166 2183 2324 2232 vitam
2362 2182 2594 2246 prolatus
2629 2183 2721 2232 sit.

1647 2260 1791 2308 Nota
1825 2266 1998 2308 autem
2039 2257 2176 2320 apud
2223 2258 2493 2320 Virgilium
2533 2256 2719 2307 fabula

1646 2335 2062 2399 este-Manain]
2093 2335 2360 2384 Manninm
2382 2334 2514 2384 dicit
2542 2334 2720 2385 defor-

1646 2425 1778 2461 mem
1814 2418 1870 2461 et
1902 2410 2135 2475 ignotum
2169 2412 2442 2473 bominem,
2475 2425 2538 2462 eo
2574 2410 2716 2476 quod

1646 2489 1839 2538 Mauiae
1862 2488 2111 2538 dicuntum
2131 2487 2364 2537 indecori
2401 2490 2572 2537 vultus
2598 2502 2720 2551 per-

1645 2576 1812 2625 sonae,
1855 2562 2043 2627 quibus
2081 2563 2226 2627 pueri
2267 2569 2546 2613 terrentur.
2609 2565 2719 2615 Vet-

1643 2637 2142 2702 Sem—clivumque,
2183 2638 2290 2702 qm]
2343 2640 2449 2692 Qui
2493 2649 2724 2704 quatuor

1641 2714 1866 2763 millibus
1898 2714 1963 2764 ab
1986 2716 2117 2764 urbe
2153 2715 2353 2776 aberat,
2375 2730 2479 2780 qua
2505 2717 2572 2766 ad
2594 2715 2721 2766 Ari-

1641 2790 1766 2839 tiam
1804 2798 1860 2840 et
1893 2792 2092 2840 Nemus
2129 2791 2339 2851 Diauoe,
2365 2791 2454 2840 ubi
2497 2792 2718 2842 Virbius

1639 2866 1722 2915 vel
1776 2865 2097 2929 Hippolytus
2142 2867 2428 2929 colebatur,
2469 2867 2717 2917 ibant.-

1637 2940 1853 3003 Manias]
1878 2942 1981 2990 Hic
1998 2941 2226 3003 Manius,
2246 2943 2389 3006 cujus
2405 2943 2605 3005 posteri
2624 2944 2713 2994 hic

1637 3016 1962 3077 habitabant,
2003 3015 2275 3066 Aricinum
2319 3019 2489 3067 lucum
2527 3018 2716 3069 Diana

1636 3098 1988 3142 consecrarat.
2041 3092 2178 3142 Vide
2201 3093 2472 3142 Erasmum
2498 3093 2553 3142 in
2578 3093 2712 3143 Pro-

1637 3167 1848 3219 verhio:
1883 3167 1898 3195 ‘
1921 3167 2081 3217 Multi
2105 3168 2275 3217 Manii
2311 3167 2542 3218 Aricia!
2614 3170 2690 3219 Di

1638 3244 1710 3292 cit
1730 3251 1903 3293 autem
1926 3244 2009 3293 hic
2032 3244 2265 3294 Manium
2305 3259 2401 3309 pro
2423 3246 2608 3310 quovis
2633 3246 2690 3296 ib

1637 3317 1925 3369 habitante.
1974 3320 2176 3371 nav-neb.
2200 3333 2336 3370 xxx.
2353 3326 2401 3370 7.

1702 3397 1764 3442 5⁷
1793 3394 2070 3457 Progenies,
2086 3395 2192 3459 ξω]
2211 3395 2476 3459 objectio.
2507 3398 2709 3446 Verum

1634 3467 1724 3517 ille
1741 3473 1820 3517 est
1835 3476 1990 3519 terroe
2008 3468 2159 3533 filius,
2179 3470 2331 3520 homo
2348 3471 2571 3522 obscuro
2590 3474 2709 3524 loco

1636 3551 1807 3608 natus,
1831 3552 1886 3595 et
1908 3560 1939 3594 a
1962 3553 2052 3595 tua
2081 3544 2272 3596 familia
2306 3548 2537 3598 alienus:
2582 3564 2709 3614 qua-

1636 3620 1739 3668 lem
1764 3621 2023 3670 haeredem
2047 3622 2278 3672 scribere
2300 3622 2581 3674 absurdum
2605 3633 2709 3674 est.

1634 3697 1999 3762 —Qanremcq
2030 3699 2333 3763 Respondet
2351 3699 2596 3749 Pet-aius:
2631 3701 2709 3750 Et

1637 3775 1680 3824 si
1702 3780 1859 3824 terrae
1881 3774 2015 3825 filius
2038 3781 2120 3824 est
2143 3783 2197 3824 et
2225 3776 2456 3839 ignotus,
2490 3790 2595 3826 non
2629 3784 2709 3826 ta-

1634 3865 1752 3899 men
1773 3859 1856 3901 est
1875 3852 2093 3913 alienus,
2114 3852 2235 3915 quia
2254 3860 2439 3902 atavus
2462 3867 2608 3903 meus
2631 3853 2703 3903 it·

1635 3925 1772 3976 idem
1793 3928 1997 3990 ignotus
2013 3934 2112 3990 est,
2129 3935 2185 3976 et
2207 3937 2361 3977 terrae
2379 3926 2543 3976 filius:
2581 3942 2706 3978 nam

1636 4012 1691 4053 et
1712 4004 1824 4067 ejus
1846 4018 2008 4068 genus
2032 4003 2287 4053 incertum
2309 4009 2407 4053 est.
2445 4003 2541 4052 His
2559 4002 2704 4054 adde

1635 4082 1792 4131 etiam
1818 4094 1991 4144 unum,
2010 4088 2064 4127 et
2084 4079 2250 4128 adhuc
2269 4081 2427 4128 etiam
2448 4094 2627 4142 unum,
2645 4090 2707 4131 et

1635 4170 1808 4217 quaere
1831 4156 1945 4220 quis
1977 4154 2184 4219 quintus
2219 4154 2303 4204 vel
2336 4162 2514 4204 sextus
2546 4165 2706 4220 pater

1632 4244 1688 4286 et
1723 4242 1922 4301 atavus,
1941 4240 2033 4285 aut
2065 4232 2287 4285 tritavus
2322 4246 2464 4284 meus
2496 4230 2701 4298 fuerit5
