3050 4913
1258 378 1536 429 SA‘rutA
1584 376 1636 426 1.

2440 360 2530 431 41

328 509 511 575 Men’
538 513 805 574 moveat
823 511 853 573 ‘l
886 510 1138 593 quippe
1165 513 1259 586 et,
1285 512 1498 573 cantet
1525 510 1586 573 si
1612 508 1988 592 naufragae,
2019 528 2238 575 assem

330 612 725 676 Protulerim
742 613 772 674 ‘P
835 616 1086 687 canum,
1120 627 1274 674 cum
1301 610 1517 674 fracta
1544 617 1609 676 te
1639 610 1709 673 in
1731 610 1916 673 trabe
1942 610 2196 694 pictum

329 712 435 775 Ex
467 714 739 776 humero
767 718 1012 795 portes,

1100 710 1374 787 Verum,
1405 731 1527 775 nec
1551 718 1741 775 nocte
1769 718 2075 793 paratum

326 814 653 890 Plorabit,
686 815 800 896 qui
832 834 935 877 me
966 814 1144 878 volet
1160 814 1543 878 incurvasse
1568 815 1850 895 querela.

417 916 554 979 Sed
582 916 871 978 numeris
901 915 1099 1000 decor
1125 920 1229 978 est
1256 922 1321 979 et
1342 914 1661 999 junctura
1689 915 1918 981 addita
1950 918 2194 982 crudis.

329 1015 653 1083 claudere
685 1016 784 1080 sic
813 1035 1074 1081 versum
1107 1014 1364 1095 didicit,
1409 1012 1846 1102 Berecynthius
1874 1015 2065 1105 Attin
2094 1043 2116 1097 ;

327 1202 585 1251 Enimvero
628 1201 673 1249 si
714 1205 853 1249 canat
885 1200 930 1249 is
965 1200 1044 1263 qui
1069 1199 1196 1260 fecit
1237 1199 1562 1261 naufragium,
1623 1215 1686 1248 aa
1737 1214 1811 1248 nte
1865 1206 2052 1264 tangat,
2108 1206 2155 1250 et
2198 1202 2246 1250 ei
2304 1217 2541 1251 nummum

324 1262 661 1327 erogata-iun?
748 1266 901 1314 Itane
963 1267 1094 1315 canis

328 1329 520 1380 butun
561 1332 614 1379 in
674 1330 833 1378 tabula
879 1330 1097 1392 abrupta.

1193 1264 1388 1327 dicam)
1457 1267 1641 1327 wando
1704 1270 1753 1313 te
1808 1279 1834 1312 e
1903 1268 2090 1328 scapula

1210 1338 1321 1379 erte
1378 1330 1609 1379 ducerem
1656 1333 1703 1377 et
1755 1344 1849 1377 non
1888 1334 2029 1379 nocta
2076 1335 2392 1394 comparatum
2436 1334 2545 1380 edet

2157 1271 2321 1327 gestus
2381 1269 2544 1316 udm-

325 1394 549 1456 ἅλικι,
619 1396 701 1457 φη·
749 1396 904 1457 capiet
953 1410 1027 1443 me
1060 1397 1259 1458 flectere
1302 1394 1594 1456 querimonia
1660 1407 1768 1442 sua.
1833 1393 1904 1443 Ae
1965 1395 2132 1443 metris
2180 1396 2344 1456 gratia
2399 1396 2544 1458 inest,

325 1466 379 1510 et
434 1460 660 1509 connato
689 1459 861 1517 juncea
902 1460 1186 1508 macteris.
1256 1461 1466 1508 Edoctus
1509 1463 1579 1507 est
1633 1460 1704 1506 ita
1743 1458 1896 1522 finire
1938 1474 2150 1507 carmen.-
2200 1460 2545 1523 Berecynthia

330 1524 494 1587 Attin,
531 1530 577 1572 et
603 1524 815 1587 Delphin
857 1525 935 1586 qui
973 1523 1158 1572 secabat
1197 1539 1326 1573 utare
1366 1525 1615 1573 Glaucum.
1683 1523 1764 1571 Ita
1793 1522 2110 1571 subtraximus
2132 1526 2258 1572 latus
2296 1523 2543 1588 Apennino

1264 1630 1620 1652 0000000000Οο

330 1701 517 1765 steph.
565 1700 733 1750 bellum
771 1701 874 1762 hoc,
914 1699 1083 1749 bellun
1139 1704 1208 1749 est
1242 1699 1345 1748 Ms.
1389 1698 1455 1747 R.
1510 1698 1596 1745 hoc
1638 1693 1844 1747 beilum?
1890 1697 2060 1746 bellum
2098 1702 2169 1747 est
2202 1698 2306 1748 Ms.
2352 1699 2546 1750 Gal„-

332 1770 397 1817 88
431 1765 565 1816 Meu’
588 1770 768 1815 moveat
796 1764 1004 1829 quippe?
1055 1765 1196 1813 Edit.
1234 1763 1546 1826 Steph.—-92
1578 1761 1741 1812 abditu
1781 1761 1921 1813 Edit.
1942 1762 2121 1827 Steph.
2155 1762 2378 1813 Quidam
2402 1763 2544 1821 codi-

332 1845 423 1881 ces
459 1830 650 1880 liabent
690 1830 882 1878 abdita.-
921 1830 1115 1893 inepte.
1154 1827 1546 1877 Cenabum—93
1583 1826 1668 1875 Sic
1707 1826 1976 1891 legendum
2012 1833 2118 1876 est:
2161 1827 2301 1891 quod
2339 1829 2545 1893 pridem

1327 1940 1540 1991 NOTAE

376 2040 511 2095 ‚Hoc
531 2038 719 2102 belhan]
773 2038 986 2102 Repetit
1032 2053 1147 2088 cum
1169 2037 1399 2101 indigna·

332 2118 475 2167 tione
498 2114 740 2166 Persius:
787 2116 988 2166 scilicet
1013 2116 1278 2180 pulchrum
1301 2116 1396 2163 hoc

332 2193 540 2257 ducitis,
558 2209 589 2243 ο
612 2193 828 2242 Romani
851 2193 870 2240 ?

397 2268 621 2332 Romule]
676 2268 897 2319 Ponitur
921 2282 1015 2331 pro
1039 2266 1274 2331 quolibet
1298 2266 1397 2315 Ro-

334 2360 619 2395 manorum.

403 2420 573 2483 Getes]
606 2417 690 2469 An
714 2419 791 2468 ita
821 2417 1045 2482 turpiter
1066 2415 1308 2478 adularis,
1338 2421 1401 2467 nt

332 2510 490 2547 canes
526 2497 692 2546 solent
718 2495 962 2559 agitando
993 2496 1172 2544 clunes
1195 2493 1400 2544 domino

338 2587 432 2623 suo
449 2572 739 2623 abblandiri
757 2574 777 2622 ?

401 2653 467 2699 88
503 2649 859 2712 Men'moveat]
894 2649 1051 2698 Mene
1097 2648 1163 2698 ad
1203 2647 1399 2698 miseri-

337 2723 568 2776 cordiam
587 2724 873 2789 provocet?

402 2803 591 2866 Assem]
636 2803 857 2852 Ponitur
886 2818 980 2866 pro
1009 2803 1241 2868 quolibet
1262 2817 1404 2853 num-

336 2894 456 2930 mo:
482 2880 691 2944 proprie
713 2895 836 2930 vero
858 2894 913 2928 as
932 2886 1013 2929 est
1041 2878 1235 2928 libralis
1261 2894 1407 2927 num-

333 2971 477 3006 mus:
502 2957 639 3006 idem
662 2971 865 3021 quoque
902 2955 1157 3020 significat
1194 2956 1329 3021 qnod
1347 2956 1404 3005 li-

336 3034 438 3083 bra
473 3041 527 3083 et
551 3035 738 3099 pondo.
806 3035 968 3083 Varro
1009 3033 1044 3083 1.
1089 3046 1131 3082 1.
1165 3033 1230 3081 de
1253 3033 1403 3096 Ling.

340 3110 549 3159 Latina.

358 3193 365 3197 ’
401 3189 467 3234 89
503 3185 700 3244 Cantas,
716 3199 837 3245 mm,
857 3182 963 3246 afa]
981 3183 1028 3232 O
1046 3181 1197 3243 Pedi,
1218 3181 1405 3232 florido

337 3262 393 3310 in
437 3274 672 3310 sermone
706 3259 838 3308 ludis
873 3268 927 3307 et
958 3259 1175 3322 exultas,
1190 3274 1307 3308 cum
1331 3268 1406 3308 ta-

336 3352 459 3388 men
499 3353 618 3387 mox
654 3338 720 3387 ob
751 3337 966 3386 crimina
994 3336 1312 3385 damnandus
1336 3337 1407 3386 sis

340 3421 399 3465 et
443 3414 723 3464 movendus
760 3415 976 3475 Senatu,
1011 3420 1116 3463 tam
1136 3415 1324 3463 stultus
1348 3429 1405 3463 es

337 3491 594 3553 nimirum,
632 3506 788 3555 quam
820 3490 906 3554 qui
936 3497 1147 3554 portans
1183 3491 1259 3539 sui
1282 3506 1405 3539 nau-

337 3567 489 3632 fragii
529 3577 674 3618 notas
698 3575 873 3617 cantat
892 3568 1156 3616 hilariter:
1196 3575 1247 3616 et
1275 3576 1350 3629 tu,
1374 3584 1405 3617 o

342 3644 530 3709 Poeta,
552 3644 638 3710 qui
674 3658 873 3692 ornnem
913 3644 1167 3693 Carminis
1199 3644 1405 3693 laudem

342 3722 549 3787 reponis
572 3722 624 3770 in
661 3720 860 3768 levibus
892 3720 1205 3769 ornamentis
1226 3718 1408 3784 figura·

343 3812 477 3860 rum,
493 3804 680 3847 neutro
697 3797 898 3844 illorum
921 3811 976 3844 es
996 3796 1184 3845 sanior.

409 3877 470 3926 In
499 3876 652 3940 trabe]
689 3873 837 3924 Trabs
876 3889 968 3938 pro
998 3873 1188 3923 tabella
1219 3875 1410 3939 accipi-

345 3960 446 4004 tur.

409 4030 622 4094 Pietmn]
657 4028 810 4094 Apud
827 4036 1050 4088 veteres,
1064 4027 1150 4092 qni
1171 4025 1409 4076 fecerant

340 4107 684 4171 naufragium,
723 4106 820 4154 hoc
875 4105 928 4153 in
975 4102 1166 4151 tabella
1216 4102 1409 4165 pictum

342 4181 796 4246 circumferebant,
839 4188 899 4230 ut
941 4181 1130 4243 stipem
1175 4193 1410 4242 corroga-

340 4268 477 4312 rent.
522 4258 789 4310 'rebellam
822 4270 951 4307 vero
978 4263 1157 4321 postea
1189 4255 1241 4305 ln
1267 4254 1409 4318 Nep-

1479 2035 1591 2086 tuni
1614 2035 1895 2085 alteriusve
1921 2036 2025 2085 Dei
2057 2035 2385 2099 opitulatoris
2421 2042 2551 2085 tem·

1479 2115 1566 2177 pio
1589 2113 1990 2176 suspendebant.
2058 2114 2245 2163 Horat.
2291 2113 2395 2163 Od.
2420 2128 2459 2162 1.
2496 2121 2548 2165 5.

1478 2193 1492 2217 ⁴
1522 2191 1611 2238 Me
1633 2189 1809 2239 tabula
1833 2204 1980 2239 sacer
2014 2191 2205 2239 votiva
2225 2190 2393 2253 paries
2422 2190 2551 2249 indi·

1479 2272 1585 2327 cat,
1611 2265 1764 2316 uvida
1789 2266 2128 2330 suspendisse
2153 2268 2356 2331 potenti
2380 2267 2555 2317 Vesti-

1477 2352 1654 2394 menta
1679 2345 1833 2393 maris
1852 2345 2000 2396 Deo.'

1544 2425 1609 2470 90
1651 2422 1841 2485 Verum,
1875 2421 1979 2485 qa]
2044 2422 2260 2487 Supple,
2288 2423 2549 2487 ploratum

1481 2499 1702 2562 plorabit
1723 2515 1737 2558 3
1757 2501 1890 2547 sicut
1915 2499 2148 2562 dicimus,
2170 2502 2333 2549 vitam
2352 2502 2551 2556 vivere.

1547 2575 1698 2623 Nocte
1715 2573 1959 2637 paratam]
2012 2574 2320 2624 Meditatum
2353 2583 2408 2625 et
2438 2585 2552 2626 arte

1482 2650 1782 2701 confictum.

1546 2734 1607 2778 91
1648 2729 1750 2785 Qui
1794 2744 1865 2777 me
1904 2730 2044 2790 volet,
2083 2728 2190 2793 ξω]
2256 2728 2423 2778 Poeta
2465 2730 2557 2793 qui

1482 2805 1708 2855 voluerit
1741 2806 1964 2854 lectores
2003 2818 2232 2866 movere,
2287 2819 2352 2854 ne
2400 2804 2555 2856 falsos
2647 2841 2656 2849 .

1485 2888 1688 2930 tantum
1706 2881 1906 2930 colores
1932 2888 1987 2929 et
2005 2895 2137 2929 vana
2158 2882 2385 2930 Carmini
2411 2895 2556 2930 orna·

1482 2965 1673 3019 menta,
1710 2957 1774 3006 de
1821 2956 2006 3021 quibus
2052 2963 2196 3019 ante,
2237 2957 2327 3006 sed
2375 2973 2552 3008 verum

1484 3049 1692 3084 succum
1717 3049 1777 3082 ac
1816 3033 1969 3081 robur
2011 3033 2172 3082 indat.
2211 3032 2462 3084 Horatius
2503 3034 2556 3084 in

1485 3111 1618 3160 Arte
1642 3128 1654 3160 ε
1687 3112 1704 3139 ⁴
1724 3110 1776 3159 Si
1804 3111 1878 3176 vis
1899 3125 1977 3159 me
2001 3108 2146 3174 flere,
2173 3110 2453 3167 dolendum
2476 3119 2560 3162 est

1487 3189 1706 3251 primum
1731 3186 1829 3250 ipsi
1858 3187 1988 3236 tibi:

1551 3269 1615 3316 92
1651 3265 1747 3313 Sed
1795 3264 2001 3313 mutueris
2030 3265 2169 3313 decor
2211 3263 2305 3326 est]
2371 3264 2558 3314 Retor-

1488 3348 1613 3405 quet
1637 3342 1800 3389 malus
1827 3340 2023 3389 Poeta:
2073 3346 2304 3389 attamen
2327 3340 2378 3387 in
2404 3339 2466 3388 iis
2483 3341 2561 3405 ip-

1487 3418 1555 3466 sis
1599 3416 1831 3465 versibus
1875 3432 2002 3480 quos
2036 3415 2386 3480 reprehendis,
2424 3416 2558 3465 inest

1486 3494 1826 3555 concinnitas,
1861 3493 1998 3542 inest
2020 3492 2215 3558 aliquid
2253 3498 2466 3541 ornatus
2501 3499 2559 3541 et

1487 3569 1714 3629 artificii,
1730 3583 2015 3633 quanquam
2037 3576 2093 3616 tu
2109 3567 2294 3617 crudos
2318 3581 2489 3618 vocas.

1550 3645 1758 3707 Addita]
1800 3647 2001 3709 Legunt
2034 3643 2264 3709 quidam,
2298 3643 2482 3707 abditu,
2506 3644 2560 3695 id

1489 3728 1588 3783 est,
1608 3721 1861 3782 abstrusa,
1884 3722 2111 3780 occulta,
2145 3726 2257 3769 arte
2281 3726 2336 3768 et
2355 3720 2561 3783 ingenio

1489 3795 1796 3863 conquisita.

1559 3873 1764 3938 Cnidia]
1817 3872 2063 3923 Versibus
2106 3887 2208 3922 non
2243 3878 2325 3922 sat
2357 3881 2563 3923 matura

1491 3951 1833 4004 meditatione
1870 3947 2138 4016 perfectis,
2176 3950 2277 4010 vel,
2304 3947 2457 3999 factis
2475 3965 2564 3999 ex-

1491 4037 1744 4092 tempore,
1776 4037 1831 4077 et
1856 4041 2037 4092 magno
2058 4041 2292 4089 numero,
2324 4026 2434 4075 sine
2458 4026 2563 4076 ullo

1489 4105 1687 4167 labore,
1725 4104 1962 4169 nullaque
1997 4102 2270 4166 diligentia
2304 4109 2360 4151 et
2393 4100 2564 4152 indus-

1493 4183 1592 4232 tria
1616 4180 1855 4246 profusis.

1555 4261 1619 4308 9³
1657 4258 1886 4318 claudere
1921 4255 1990 4305 sic
2017 4269 2222 4318 versatu,
2241 4251 2346 4317 ξω]
2394 4251 2566 4317 Repo-¹
