3050 4913
491 330 583 396 ⁶8

1257 344 1328 392 A.
1375 343 1623 393 Pnusu
1665 334 1936 394 'FLAcct

499 488 641 553 Sub
655 493 882 574 ⁸rastro
911 492 1137 570 crepet
1161 489 1407 569 argenti
1436 489 1597 552 mihi
1625 490 1822 566 seria,
1863 489 2097 555 dextro

500 589 837 654 Hercule!
883 590 1298 672 pupillumve
1331 591 1599 668 utinam,
1631 612 1823 676 quem
1852 595 2198 675 proximus
2226 594 2438 660 haeres

502 691 812 775 ImpellO,
844 710 1256 774 expungam:
1300 711 1583 774 namque
1609 698 1710 757 est
1740 695 2117 772 scabiosus,
2148 702 2212 759 et
2240 699 2377 761 ucri

497 872 662 937 putrui
693 874 824 923 mei!
889 874 1042 937 Atque

1075 874 1279 932 utinam,
1322 874 1470 923 amico
1510 874 1736 936 Hercule,
1774 891 1857 925 ves
1873 876 2034 941 fictile
2066 881 2264 937 argento
2297 875 2548 926 refertum
2583 875 2701 926 asilii

496 942 681 986 resonet
702 938 787 987 sub
808 938 997 1000 ligone!
1066 940 1112 986 0
1131 939 1175 987 ri
1205 942 1277 987 tel
1296 940 1477 987 deleam
1507 941 1756 1003 pupillum,
1777 956 1911 1002 quem
1943 943 2156 1015 insequor
2179 940 2333 1016 βακε
2365 956 2464 1017 ego
2495 942 2702 1016 maxime

496 1002 812 1066 propinquus!
878 1004 1128 1053 Enimuero
1161 1003 1343 1052 loborat
1377 1005 1670 1067 impetigine,
1690 1010 1737 1054 et
1769 1006 2025 1054 rennuenti
2057 1006 2151 1054 bile
2171 1011 2456 1055 intumescat.
2523 1005 2706 1054 Neruis

1426 1147 1780 1168 OOCOOOOOC‘O‘

502 1246 694 1308 «rgenti
725 1248 851 1297 seria
893 1247 993 1298 Ms.
1031 1247 1283 1298 (iah—13
1316 1264 1426 1297 uam
1461 1249 1520 1300 C.
1550 1264 1794 1312 expungas
1830 1249 1933 1298 Ms.
1970 1249 2165 1298 R.-14
2196 1247 2416 1296 conditur
2451 1245 2556 1294 Ms.
2581 1245 2703 1295 Gai.

1502 1361 1715 1410 NOTAE

574 1459 631 1505 11
670 1456 765 1504 Sub
818 1456 994 1520 rastro]
1052 1458 1133 1507 Ne
1184 1458 1393 1519 mirere,
1424 1458 1564 1523 qnod

505 1530 618 1580 viro
635 1531 786 1580 diviti
807 1548 868 1581 ac
893 1533 1053 1582 nobili
1075 1539 1293 1583 rastrum
1313 1535 1568 1583 attribuat

507 1604 740 1669 Persius,
760 1623 875 1657 cum
900 1609 1056 1658 etiam
1086 1610 1150 1658 ab
1184 1618 1358 1659 aratro
1391 1610 1568 1659 Dicta-

506 1687 671 1731 torem
713 1691 986 1734 evocatum
1031 1686 1326 1746 viderimus,
1377 1687 1485 1737 Sat.
1530 1700 1568 1736 ι.

507 1757 711 1808 scilicet
766 1760 1080 1823 agricultum
1121 1777 1305 1826 magno
1355 1771 1469 1811 erat
1516 1764 1569 1812 in

505 1831 697 1883 honore
732 1837 870 1900 apud
909 1838 1194 1887 Romanos:
1245 1853 1343 1888 nec
1378 1839 1569 1887 homini

507 1909 700 1972 probro
752 1919 885 1975 erat,
930 1927 1103 1975 suurnv
1133 1927 1229 1976 per
1276 1928 1332 1962 se
1388 1929 1568 1978 agrum

510 1985 697 2036 colere.

581 2060 777 2124 crepet]
810 2061 872 2111 Id
896 2068 996 2125 est,
1004 2063 1292 2126 jucundum
1310 2064 1432 2113 mihi
1449 2066 1574 2117 edat

512 2136 735 2185 sonitum
761 2146 972 2201 reperta
1005 2138 1247 2190 fodiendo
1283 2149 1341 2190 et
1386 2149 1572 2192 terram

512 2214 782 2263 vertendo.

579 2288 743 2352 Seria]
806 2293 911 2340 Vas
953 2298 1240 2342 testaceum
1281 2295 1577 2359 oblongum,

516 2364 653 2427 quod
674 2368 990 2416 occultatum
1019 2368 1087 2418 sit
1121 2384 1211 2419 seu
1234 2370 1454 2420 hostium
1481 2385 1574 2419 seu

515 2439 686 2491 furum
721 2450 896 2504 metn;
933 2452 1067 2494 testa
1109 2462 1263 2510 porro
1304 2453 1454 2497 terrae
1499 2448 1572 2495 iu·

514 2516 652 2568 fossa
674 2535 774 2568 nou
797 2522 1069 2583 putrescit,
1103 2523 1221 2572 hinc
1248 2523 1299 2572 in
1338 2524 1484 2572 seriis
1520 2531 1575 2574 et

516 2593 630 2642 ollis
671 2596 941 2645 thesauros
979 2596 1301 2647 infodiebant
1352 2608 1578 2650 veteres.

517 2670 647 2721 lude
671 2680 752 2722 est
777 2673 951 2722 Plauti
974 2672 1262 2724 Aulularia.
1308 2676 1375 2724 Et
1391 2676 1580 2725 Horat.

520 2749 629 2797 Sat.
652 2762 715 2797 ιι.
750 2752 801 2798 6.
835 2751 849 2777 ‘
875 2749 922 2798 Ο
961 2750 1002 2798 si
1035 2765 1214 2800 urnam
1242 2752 1442 2812 argenti
1472 2750 1579 2801 fors

521 2840 623 2890 qua
646 2826 767 2874 mihi
792 2828 1083 2878 monstret.’

586 2902 775 2950 Dextro
800 2903 1026 2966 Hercule]
1078 2905 1334 2968 propitio,
1352 2906 1579 2957 favente.

524 2975 714 3025 Horat.
749 2977 861 3027 loco
902 2994 1018 3028 mox
1052 2981 1311 3030 cibamini
1354 2984 1578 3033 Hercule.

521 3053 629 3103 Hic
662 3053 797 3101 enim
834 3055 1154 3104 recludendis
1177 3057 1431 3107 thesauris
1454 3073 1582 3122 prae·

522 3127 692 3178 sidere
730 3130 1071 3194 credebatur:
1117 3134 1254 3182 sicut
1290 3135 1583 3185 Mercurius

522 3212 708 3267 aperto
734 3208 876 3256 lucro
898 3217 950 3255 et
975 3210 1341 3271 negotiationi:
1364 3219 1585 3274 uterque

526 3295 680 3344 porro
700 3283 972 3346 repentino
986 3285 1384 3348 etinexpectato
1406 3287 1582 3346 ωσι-ος

525 3356 663 3407 uude
687 3367 737 3407 et
763 3359 936 3407 Lucrii
965 3360 1051 3408 Dii
1075 3362 1427 3424 appellamur.
1487 3364 1586 3412 Ar·

525 3434 647 3484 nob.
690 3436 779 3484 lib.
803 3449 879 3483 iv.
922 3436 1097 3485 Plaut.
1136 3437 1363 3486 Mostell.
1388 3440 1403 3465 ‘
1427 3438 1476 3487 Is
1501 3440 1585 3489 vel

526 3509 742 3560 Herculi
766 3519 1035 3561 conterere
1070 3522 1320 3576 quaesturn
1358 3515 1586 3577 possiet!

529 3586 599 3635 Et
633 3588 844 3637 Diodor.
862 3589 1019 3637 Sicul.
1042 3603 1094 3638 v·
1119 3594 1167 3638 2.
1204 3588 1369 3640 refert
1392 3591 1590 3641 Hercu·

530 3662 630 3711 lem
670 3663 735 3712 ad
755 3664 999 3714 honorem
1023 3665 1119 3714 sibi
1153 3679 1183 3712 a
1214 3666 1466 3715 Palatinis
1498 3668 1589 3716 im-

532 3751 768 3801 pensum,
802 3742 1021 3802 dixisse3
1059 3757 1150 3790 eos
1189 3743 1272 3805 qni
1311 3744 1407 3792 sibi
1452 3752 1592 3806 post-

535 3828 687 3877 quam
729 3816 791 3862 ad
816 3818 956 3864 Deos
979 3819 1252 3867 translatus
1276 3827 1431 3879 esset,
1454 3819 1592 3867 deci-

532 3902 667 3939 mam
709 3893 955 3940 bonorum
990 3893 1249 3954 dicarent,
1286 3896 1442 3943 vitatu
1482 3894 1594 3944 feli-

534 3981 649 4015 cem
684 3968 937 4016 victuros:
973 3968 1111 4030 quod
1145 3977 1201 4019 et
1238 3972 1472 4020 evenisse
1507 3987 1594 4020 ex-

535 4042 789 4106 perientia
835 4043 1101 4092 docuerit:
1151 4050 1207 4092 et
1242 4043 1538 4094 factitatum
1567 4062 1598 4095 a

535 4120 750 4242 {anenno
768 4120 1105 4168 Romanorum
1121 4119 1373 4180 ditissimo
1382 4124 1596 4187 aliisque

560 4194 714 4244 uerit.

1713 1462 1775 1508 12
1813 1457 2076 1521 Pupium]
2127 1456 2267 1505 Puer
2291 1462 2371 1504 est
2392 1454 2488 1504 sub
2515 1456 2704 1504 tutoris

1648 1542 1908 1597 potestate
1931 1533 2263 1593 constitutus,
2285 1531 2450 1581 donec
2471 1544 2565 1593 per
2586 1539 2711 1579 eta·

1649 1617 1755 1659 tem
1780 1611 1856 1659 sui
1894 1608 2029 1673 juris
2047 1608 2158 1668 fiat,
2181 1616 2236 1657 et
2262 1621 2467 1655 snorum
2487 1607 2597 1669 ipse
2619 1605 2708 1653 bo-

1650 1700 1828 1734 norum
1851 1683 2349 1733 administrationem
2372 1686 2633 1743 capessat.

1717 1763 1866 1818 Quem
1879 1763 2127 1826 proximus
2144 1761 2294 1809 hoeres
2312 1758 2516 1820 impello]
2541 1758 2710 1808 Quem

1650 1838 1933 1901 subsequor
1967 1838 2203 1900 proxime
2244 1836 2297 1884 in
2338 1835 2520 1883 ordine
2546 1835 2711 1883 haere·

1651 1913 1772 1962 dum
1795 1914 2133 1963 secundorum
2157 1929 2170 1961 :
2205 1914 2287 1962 vel
2303 1912 2387 1960 cui
2411 1926 2525 1960 sum
2548 1910 2715 1974 pupil-

1652 1989 1830 2037 lariter
1853 1989 2185 2038 substitutus.

1719 2067 1780 2112 13
1819 2063 2032 2126 Impellit]
2100 2062 2337 2124 Metaph.
2395 2060 2462 2109 ab
2507 2059 2570 2108 iis
2623 2059 2713 2122 qui

1652 2154 1766 2188 sese
1791 2140 1843 2188 in
1886 2140 2035 2188 turba
2067 2139 2432 2201 comprimunt,
2462 2143 2520 2186 ut
2558 2136 2713 2189 citin

1654 2215 2069 2280 progredientur.

1721 2290 2031 2354 Burungum]
2070 2290 2304 2353 Metapli.
2325 2289 2408 2337 vel
2431 2303 2463 2337 a
2481 2288 2516 2339 J
2521 2302 2613 2337 ure
2631 2287 2717 2338 Ci-

1657 2367 1760 2428 vili,
1786 2368 1836 2415 iu
1872 2382 1974 2430 quo
2011 2368 2053 2415 is
2086 2366 2398 2429 dispungere
2421 2364 2614 2413 dicitur
2630 2364 2717 2427 qui

1653 2449 1819 2491 mutat
1838 2442 2100 2507 quidpiam
2124 2442 2175 2490 in
2211 2440 2401 2491 tabulis
2441 2446 2720 2489 testamen·

1657 2518 1717 2579 ti,
1739 2525 1791 2566 et
1815 2533 2132 2582 expungere,
2153 2519 2240 2583 qui
2277 2517 2442 2566 delet:
2480 2517 2561 2565 vel
2597 2531 2629 2564 a
2662 2530 2717 2563 re

1661 2594 1884 2642 militari.
1967 2595 2163 2645 Milites
2206 2595 2343 2644 enim
2387 2593 2617 2657 expungi
2646 2593 2721 2641 di·

1660 2679 1880 2730 cuntur;
1915 2686 2148 2734 quorum,
2187 2671 2312 2720 data
2345 2670 2600 2730 missione,
2632 2684 2719 2718 no·

1662 2760 1777 2793 men
1819 2762 1883 2795 ex
1911 2748 2029 2795 albo
2075 2748 2302 2811 deletur,
2334 2747 2470 2811 quod
2513 2747 2720 2810 punctis

1661 2821 1962 2886 inscriptum
2007 2822 2197 2875 fuerat.
2302 2825 2365 2874 In
2418 2826 2552 2874 bello
2601 2839 2722 2874 vero

1659 2899 1744 2964 (ut
1762 2901 1835 2949 ait
1858 2908 2005 2949 vetus
2026 2901 2293 2963 interpres
2316 2899 2426 2963 hic)
2462 2918 2474 2932 ·
2497 2900 2721 2950 cadente

1657 2976 1745 3038 qui
1770 2976 1961 3039 primns
1984 2985 2082 3034 est,
2116 2977 2536 3027 succenturiatur
2558 2976 2723 3027 alios.’

1661 3052 1851 3099 Sensus
1874 3067 2027 3114 porro
2047 3060 2129 3102 est
2149 3071 2161 3102 :
2197 3053 2391 3101 utinam
2424 3054 2568 3102 illum
2587 3062 2720 3102 mors·

1664 3127 1850 3188 rapiat,
1891 3129 2041 3191 cnjus
2071 3129 2347 3178 haereditns
2386 3130 2505 3178 milii
2528 3129 2723 3178 contin-

1665 3210 1784 3265 get:
1826 3205 1926 3266 vel,
1948 3205 2182 3254 deleatur
2222 3220 2251 3254 e
2292 3214 2606 3255 testamento
2638 3220 2722 3254 no·

1665 3293 1784 3327 men
1801 3281 1908 3342 ejus
1925 3281 2005 3329 cui
2024 3282 2280 3330 secundus
2298 3283 2463 3330 haeres
2484 3281 2724 3330 succedo.

1731 3358 1944 3420 Namque
1978 3363 2046 3405 est
2072 3357 2326 3420 scabiosus]
2380 3359 2561 3421 lnipiis
2599 3359 2726 3407 votis

1668 3434 2054 3482 excusationem
2076 3436 2353 3496 praeteudit
2388 3450 2610 3498 nequam
2641 3435 2726 3483 ille

1670 3511 1793 3559 vitae
1826 3511 2004 3558 alienae
2029 3511 2325 3560 insidiator:
2363 3526 2580 3573 nempe:
2615 3525 2730 3559 con·

1673 3589 1870 3651 tngioso
1915 3588 2150 3636 laborans
2181 3603 2305 3649 puer
2342 3589 2523 3635 morbo
2545 3601 2641 3635 cur
2660 3585 2731 3634 vi·

1672 3664 1798 3711 vat?
1865 3665 1982 3724 Vel,
2026 3662 2161 3725 apud
2201 3677 2256 3711 se
2297 3662 2596 3721 meditatus,
2632 3675 2730 3725 qna

1673 3740 1758 3788 via
1794 3739 2004 3802 impune
2049 3744 2312 3801 expungat
2366 3736 2638 3800 pupillum,
2679 3742 2735 3784 et

1676 3829 1874 3864 veneno
1911 3817 2095 3864 tollere
2124 3813 2261 3863 forte
2306 3813 2447 3877 apud
2483 3828 2538 3860 se
2572 3820 2733 3861 statne-

1675 3907 1787 3952 ens‚
1829 3900 2003 3954 sperat
2060 3907 2203 3939 sunm
2261 3892 2431 3940 scelus
2475 3889 2733 3938 oct-tritum

1677 3966 1804 4026 fore,
1824 3970 1957 4030 quod
1982 3968 2069 4016 ille
2094 3968 2160 4014 sit
2184 3968 2318 4015 male
2336 3963 2526 4013 affecta
2544 3965 2736 4012 valetu-

1679 4046 1828 4103 dine,
1883 4047 2065 4106 plenus
2101 4057 2284 4106 nempe
2322 4041 2501 4091 scabie
2536 4048 2593 4090 et
2627 4047 2736 4089 atra

1682 4121 1924 4183 bili,quae
1950 4121 2223 4170 multorum
2262 4118 2551 4167 morborum
2587 4129 2737 4166 musa

1671 4203 1776 4246 est.
1841 4196 1904 4245 In
1939 4211 2039 4261 quo
2062 4197 2219 4246 etiam
2259 4209 2315 4244 se
2355 4200 2534 4242 tuetur
2565 4205 2714 4244 exem
