3050 4913
749 383 1109 460 nonnus,
1158 385 1251 432 13¹1·
1297 384 1706 435 scamnum
1753 385 2079 437 cnutus.
2429 377 2517 444 19
2598 453 2615 458 „

319 534 564 603 Verum
608 535 747 602 fieri
788 556 923 603 non
968 537 1213 621 potuit,
1246 537 1426 621 quin,
1475 556 1631 602 cum
1668 543 1735 602 et
1772 558 1900 617 res,
1942 557 2215 622 quarum
2259 543 2506 608 mentio

316 637 391 706 fit
417 641 484 703 in
510 639 760 718 satiris,
790 640 1158 724 coepissent
1200 660 1289 704 ex
1330 646 1515 723 parte
1544 642 1854 722 ignorari,
1890 647 1958 706 et
1997 641 2258 709 dicendi
2298 664 2509 726 genus

317 760 359 806 a
404 740 655 822 vulgari
685 740 940 805 ratione
977 742 1046 805 in
1079 741 1224 805 dies
1266 742 1481 823 magis
1525 742 1869 826 magisque
1918 741 2314 825 discrepare,
2342 748 2510 813 inter

316 842 633 906 obscuros
682 841 1034 924 scriptores
1082 840 1354 906 Persius
1407 841 1772 918 referretur,
1842 846 2380 930 grammaticique
2417 849 2505 913 ad

314 962 459 1007 eum
502 943 975 1027 explicandum
1019 963 1093 1007 se
1140 942 1570 1024 accingerent.
1660 942 1971 1020 Fuerunt,
2019 946 2133 1028 qui
2180 954 2509 1030 putarent,

316 1046 526 1113 Persii
571 1046 811 1111 satiras
855 1065 898 1110 a
942 1043 1231 1110 Cornuto
1260 1042 1533 1108 scholiis
1577 1043 1929 1108 instructas
1975 1046 2044 1110 in
2081 1047 2299 1111 lucem
2350 1070 2504 1133 pro-

314 1148 536 1226 diisse,
583 1153 782 1232 atque
830 1167 921 1212 ex
975 1147 1064 1211 iis
1115 1145 1389 1210 scholiis
1439 1144 1757 1227 decerpta
1800 1145 2107 1227 quaedam
2141 1147 2505 1231 fragmenta

310 1253 394 1317 iis
448 1251 663 1315 adhuc
715 1251 929 1313 inesse
971 1248 1264 1324 scholiis,
1314 1267 1472 1331 quae
1524 1266 1703 1311 nunc
1760 1247 2319 1315 circumferuntur.
2435 1250 2506 1318 A

313 1372 589 1436 quorum
613 1353 922 1434 opinione
948 1349 1250 1433 equidem
1296 1354 1431 1413 tam
1472 1349 1663 1431 longe
1690 1350 1945 1427 absum,
1977 1355 2049 1413 ut
2073 1359 2317 1432 putem,
2348 1354 2509 1420 Per-

310 1454 476 1518 sium
519 1453 883 1535 antiqnitns
933 1451 1136 1515 nullis
1186 1451 1464 1515 scholiis
1508 1450 1717 1513 fuisse
1762 1451 2173 1530 instructum,
2222 1473 2371 1534 eum
2419 1459 2503 1522 iis

306 1555 459 1620 nihil
503 1573 674 1637 opus
713 1558 892 1626 ,esset
935 1553 1306 1636 aequalibus
1347 1553 1512 1636 eJus,
1557 1554 1803 1635 quibus
1845 1563 1912 1618 et
1962 1555 2244 1635 coguitae
2287 1578 2389 1621 res
2433 1564 2504 1623 et

310 1658 625 1720 sermonis
654 1656 824 1719 ratio
854 1656 1072 1719 notior
1097 1661 1258 1719 erat.
1346 1653 1527 1733 Quin
1545 1654 1891 1737 probabile
1920 1661 2043 1731 est,
2064 1674 2146 1718 ne
2171 1656 2242 1720 H
2248 1659 2500 1743 ierony-

307 1777 478 1822 mum
511 1758 777 1840 quidem
808 1756 1107 1821 codicem
1142 1776 1345 1820 manu
1385 1762 1731 1821 exaratum
1761 1754 1978 1819 Persii
2019 1755 2292 1828 scholiis
2336 1760 2503 1825 dita-

305 1865 440 1924 tum
480 1865 596 1924 aut
642 1864 793 1924 ante
821 1856 1054 1923 oculos
1079 1858 1393 1923 habuisse
1423 1864 1539 1922 aut
1568 1858 1982 1940 cognovisse,
2029 1857 2320 1941 alioquin
2363 1865 2501 1927 tam

307 1962 620 2027 acerbum
647 1959 731 2023 de
760 1959 1164 2024 obscuritate
1192 1959 1369 2023 illius
1389 1958 1718 2043 judicium
1742 1978 1875 2023 non
1902 1958 2183 2023 tulisset.
2262 1955 2501 2046 Neque

304 2063 369 2128 iu
394 2061 691 2140 scholiis,
719 2065 792 2124 ut
833 2079 1006 2125 nunc
1031 2065 1207 2138 sunt,
1235 2059 1440 2124 ullum
1481 2060 1889 2142 antiquitatis
1918 2061 2265 2142 vestigium
2295 2081 2506 2146 appa-

304 2170 431 2245 τοῖς
476 2165 796 2247 pleraque
855 2166 1008 2226 sunt
1057 2160 1401 2247 ejusmodi,
1463 2167 1537 2225 ut
1587 2162 2043 2246 unusquisque
2100 2182 2231 2226 non
2302 2166 2500 2246 plane

303 2266 587 2349 ineptus,
615 2265 798 2329 lecto
817 2264 1050 2347 aliquo
1086 2264 1265 2342 loco,
1312 2263 1551 2328 eaden
1577 2265 1847 2328 allinere
1879 2269 2126 2347 posset,
2156 2264 2315 2347 quia
2340 2266 2502 2331 nihil

303 2367 382 2430 iis
423 2368 624 2444 inest,
669 2365 848 2449 quod
874 2386 1009 2430 non
1034 2365 1205 2449 ipsis
1234 2365 1521 2429 auctoris
1550 2366 1768 2428 verbis
1796 2366 2235 2445 contineatur;
2278 2385 2501 2447 pauca

304 2473 552 2533 tantum
587 2488 676 2532 ex
708 2468 933 2552 aliquo
963 2467 1392 2549 grammatico
1419 2484 1550 2529 non
1578 2467 1773 2530 nimis
1805 2470 2062 2530 vetusto
2104 2471 2340 2530 temere
2384 2469 2497 2533 d‘e-

304 2574 530 2654 cerpta
576 2568 789 2633 videri
841 2573 1139 2651 possunt.
1238 2566 1371 2631 Sed
1421 2567 1649 2631 nescio
1688 2586 1818 2650 quo
1864 2567 2007 2630 fato
2063 2566 2134 2630 id
2171 2568 2507 2634 accidisse*

300 2669 540 2748 dIcam,
598 2675 673 2735 nt
716 2670 938 2734 nullus
988 2670 1177 2734 locus
1223 2669 1607 2735 difficultate
1656 2669 1882 2750 aliqua
1924 2667 2197 2749 insignis
2243 2668 2498 2752 aliquid

299 2770 464 2836 lucis
489 2775 732 2837 nactus
762 2771 852 2836 sit
875 2791 968 2835 ex
993 2771 1132 2836 illis
1152 2771 1467 2850 scholiis;
1509 2789 1663 2833 nam
1699 2769 1807 2834 vel
1836 2768 2098 2832 omnino
2126 2767 2343 2847 silent,
2389 2770 2505 2835 vel

241 2862 244 2863 ⁷
300 2892 380 2937 ea
418 2872 790 2956 explicant,
832 2872 902 2935 in
930 2871 1176 2956 quibus
1200 2890 1392 2936 nemo
1436 2871 1702 2935 haereat.
1793 2869 2246 2942 Nihilominus
2281 2876 2503 2947 tamen

299 2993 380 3039 ea
406 2974 671 3039 scholia
699 2969 1028 3036 utilissima
1074 2973 1143 3036 in
1188 2972 1487 3036 Persium
1517 2972 1772 3054 passim
1801 2971 1999 3035 etiam
2027 2992 2071 3035 a
2096 2972 2501 3039 doctissimis

298 3076 466 3140 viris
503 3077 858 3138 vocantur.-
939 3071 1194 3136 Verum
1240 3090 1398 3135 cum·
1439 3073 1508 3135 in
1562 3072 2048 3155 antiquioribus
2094 3074 2500 3140 editionibus

296 3178 553 3242 scholia
612 3176 1019 3259 proferantur
1065 3173 1383 3258 pleniora,
1440 3192 1639 3257 quam
1693 3192 1796 3251 ea,
1848 3193 1999 3257 quae
2060 3172 2501 3240 Casaubonus

293 3277 573 3343 editioni
631 3296 773 3340 suae
833 3277 1095 3361 adjecit,
1166 3276 1608 3361 nonnullaque
1660 3296 1703 3341 a
1758 3278 1916 3342 viris
1977 3276 2193 3341 doctis
2254 3278 2502 3341 inedita

295 3378 647 3443 laudentur
705 3384 770 3443 et
817 3378 886 3441 in
934 3377 1357 3442 bibliothecis
1406 3377 1625 3442 adhuc
1676 3377 1972 3453 latentia,
2028 3382 2169 3440 tota
2225 3378 2357 3439 ista
2413 3376 2498 3439 de

295 3480 575 3545 scholiis
625 3478 990 3562 disputatio
1031 3478 1116 3555 ei,
1165 3479 1279 3561 qui
1328 3479 1706 3543 melioribus
1752 3478 2093 3562 praesidiis
2145 3480 2500 3541 instructus

291 3587 412 3658 ost,
445 3578 877 3663 relinquenda
901 3579 1056 3643 mihi
1093 3579 1375 3643 videtur.

1836 3676 1923 3739 G.
1956 3676 2031 3737 L.
2050 3638 2055 3655 '
2077 3673 2455 3741 KOENIG.

357 3765 590 3826 Gotting.
629 3769 772 3813 isos.

1290 3873 1507 3924 NOTAE

290 3971 557 4037 exquisite
591 3971 785 4021 dictum
805 3971 1164 4037 putent,quod
1199 3971 1355 4020 inter·
1437 3976 1541 4018 tur.
1607 3968 1793 4032 Itaque
1824 3967 1865 4014 si
1905 3967 2168 4031 autiquum
2205 3982 2492 4018 sermonem

288 4047 607 4112 pretsndnm
632 4047 735 4097 sit!
774 4049 845 4097 Et
867 4061 945 4098 ix.
963 4053 1012 4099 3.
1033 4050 1048 4076 ‘
1066 4047 1355 4097 Verborum
1435 4055 1610 4096 nostro
1634 4060 2007 4108 comparemus,
2028 4061 2174 4108 paene
2191 4048 2327 4112 jam,
2348 4045 2495 4112 quid-

285 4123 467 4187 fignroe
512 4130 573 4172 et
612 4130 825 4174 mutatae
865 4132 986 4174 sunt
1028 4138 1250 4187 temper,
1278 4132 1354 4183 et,
1435 4125 1563 4191 quid
1583 4126 1856 4189 loquimur,
1879 4122 2045 4187 figura
2066 4122 2185 4174 est!

285 4207 577 4267 utcumque
610 4200 772 4252 voluit
803 4201 1137 4265 consuetudo,
1158 4206 1357 4250 mutan·
