3050 4913
1241 325 1520 383 SA‘NRA
1568 326 1620 387 Ῐ.

1054 476 1282 540 Secuit
1309 476 1613 542 Lucilius
1644 478 1916 559 Urbem,
2021 470 2024 475 '

330 580 458 658 Te,
487 579 701 664 Lupe,
731 585 821 656 te,
856 578 1078 658 Muci3
1120 584 1186 642 et
1211 582 1568 661 genuinum
1594 581 1785 664 fregit
1813 583 1876 645 in
1907 583 2063 647 illis.

335 477 566 543 Mente
590 498 605 541 τ
667 477 963 541 discedo.

2451 314 2544 388 '47

2412 585 2542 650 115

331 760 482 839 Δζκο.
558 760 634 811 At
668 760 883 810 lucilius
913 762 1143 826 praecidit
1179 763 1459 824 civitaten,-
1504 766 1808 830 te‚oIatpe,·
1858 766 2242 826 etee,oMati,·
2289 767 2541 817 nauidis

1331 936 1542 986 NOTAE

326 1068 495 1119 inanis
516 1083 699 1132 corpus
732 1083 948 1133 anguem
987 1069 1145 1122 fuisse
1175 1074 1394 1125 circum-

328 1148 561 1211 plexum,
599 1147 820 1210 hincque
854 1147 1160 1199 Divinitatis
1200 1151 1393 1214 opinio-

328 1241 448 1274 nem
476 1225 605 1287 Regi
629 1226 917 1287 accessisse,
953 1234 1010 1276 et
1051 1228 1276 1279 Hero‘e‘m
1312 1231 1393 1279 ha-

325 1301 844 1350 bitum.Cleomenem
866 1304 1199 1370 Deornmque
1217 1306 1394 1357 filium.

327 1374 497 1424 Addit
543 1390 694 1438 porro
735 1378 886 1441 hujus
924 1379 1000 1428 rei
1044 1391 1099 1430 et
1140 1383 1395 1446 opinionis

325 1458 535 1501 causam
576 1468 604 1500 a
641 1453 961 1516 sapientibus
984 1456 1104 1505 viris
1140 1458 1396 1520 proditam

324 1532 463 1590 esse,
498 1528 639 1592 quod
689 1529 827 1578 sicut
870 1545 899 1579 e
938 1531 1099 1580 bobus
1150 1547 1293 1595 apes,
1330 1549 1394 1583 ex

330 1605 477 1669 equis
501 1602 628 1664 fuci,
652 1619 715 1651 ex
754 1606 907 1655 asinis
944 1608 1219 1657 crabrones
1243 1624 1396 1673 gene-

322 1687 527 1743 tantur,
569 1679 644 1728 sic
698 1694 764 1728 ex
808 1681 1041 1731 humanis
1091 1684 1395 1747 corporibus

327 1746 605 1820 serpente's
629 1764 958 1807 enascantur.
1022 1761 1260 1823 Denique
1280 1776 1396 1810 con·

324 1831 499 1881 cludit
520 1846 534 1880 ε
585 1845 685 1880 non
710 1846 833 1895 ergo
857 1832 950 1881 abs
972 1848 1029 1882 re
1054 1842 1255 1884 veteres
1289 1837 1393 1885 He-

326 1907 507 1957 roibns
553 1906 802 1956 dracones
842 1921 1192 1959 consecrasse.
1260 1913 1394 1961 Dra-

326 1984 487 2032 cones
529 1982 706 2032 divino
750 1984 895 2032 cultu
943 1984 1216 2034 honoratos
1261 1986 1395 2036 affir-

328 2064 478 2107 mant
514 2071 670 2121 porro
692 2057 917 2106 AElianus
939 2059 1004 2107 de
1026 2062 1232 2109 animal.
1258 2070 1319 2111 η.
1343 2066 1394 2113 2.

331 2139 414 2185 lo.
440 2139 521 2184 1¹1.
560 2142 617 2184 et
653 2134 915 2184 Plutarch.
952 2135 1044 2187 lib.
1073 2136 1143 2185 de
1168 2137 1305 2187 Iside
1339 2146 1395 2188 et

328 2210 556 2261 Osiride.

389 2287 563 2348 Pueri,
583 2301 715 2335 sacer
746 2292 816 2335 est
850 2288 994 2352 locas]
1059 2289 1212 2340 Adde
1236 2292 1393 2341 etiarn

326 2364 429 2413 boc
472 2362 831 2425 interdictum,
885 2379 986 2428 quo
1034 2366 1178 2427 pueri
1222 2366 1397 2416 deter-

326 2449 542 2492 reantur
586 2454 617 2489 a
658 2439 935 2504 polluendo
978 2441 1212 2490 sordibus
1251 2442 1396 2506 loco;

327 2531 461 2566 neve
485 2515 591 2565 illic
614 2516 808 2564 meiant
831 2533 844 2564 ε
902 2517 1035 2580 quod
1063 2518 1257 2581 grande
1280 2526 1394 2568 erat

327 2591 489 2642 nefas.
569 2592 763 2642 Horatc
790 2593 842 2641 in
884 2591 1014 2642 Arte
1035 2610 1050 2641 t
1102 2596 1116 2622 ⁸
1142 2595 1392 2645 Minxerit

327 2670 379 2718 in
418 2669 615 2732 patrios
651 2669 885 2718 cineres.'
950 2669 1086 2719 Vide
1115 2685 1228 2734 qua!
1268 2672 1393 2720 Sue·-

326 2750 441 2793 ton:
483 2745 550 2792 de
587 2744 802 2793 Nerone
842 2744 970 2794 lotio
1007 2747 1389 2796 contaminante

326 2820 461 2870 Deae
500 2821 850 2870 simulacrum.
933 2821 1037 2871 Sed
1077 2830 1152 2884 et,
1192 2823 1388 2872 urinam

323 2893 500 2944 facere
518 2895 583 2943 ad
606 2903 803 2944 statuas
823 2896 1146 2960 Principum,
1165 2899 1390 2961 capitale

322 2971 503 3035 fnisse,
524 2973 683 3022 docet
713 2975 871 3024 AElias
887 2975 1192 3039 Spartianus
1211 2977 1261 3025 in
1287 2975 1390 3026 An-

325 3049 505 3098 tonino
558 3049 857 3111 Caracallo;
927 3051 1011 3101 ubi
1060 3052 1134 3101 sic
1189 3051 1386 3102 refertt

322 3123 341 3152 ⁸
362 3124 608 3174 Damnati
632 3132 752 3173 sunt
787 3138 850 3174 eo
890 3132 1125 3190 tempore
1161 3127 1249 3191 qui
1287 3129 1391 3176 uri·

324 3205 443 3249 nam
484 3214 549 3250 eo
585 3201 699 3249 loco
735 3200 987 3264 fecerant,
1010 3203 1064 3251 in
1100 3219 1202 3267 quo
1241 3212 1392 3253 erant

320 3277 572 3341 imagines
596 3277 886 3340 Principis,'
918 3282 1018 3328 ὅτε.

388 3353 556 3401 Extra
578 3353 755 3416 meiite]
800 3354 1160 3418 Metaphorice
1199 3355 1389 3418 signifi-

322 3434 457 3478 cat:
532 3443 563 3476 o
608 3426 794 3477 Poetae
838 3429 1065 3492 satirici,
1117 3446 1388 3481 censuram

322 3512 554 3553 vestram
584 3505 683 3552 a‘lio
707 3503 989 3555 transferre
1012 3507 1263 3570 quolibet,
1287 3522 1390 3557 mo-

315 3579 391 3630 do
417 3580 485 3628 ab
510 3580 591 3628 his
615 3579 939 3631 abstineatis.

389 3660 487 3706 114
523 3657 751 3720 Discedo]
786 3657 1050 3722 Siquidem
1074 3659 1151 3709 his
1177 3675 1390 3724 parcen-

318 3732 467 3794 dum,
500 3747 618 3796 quae
672 3741 795 3781 sunt
844 3733 1062 3783 maxime
1115 3736 1389 3798 reprelien-

318 3810 466 3858 sione
491 3809 664 3871 digua,
686 3809 854 3873 inquit
878 3810 1104 3873 Persius,
1122 3811 1240 3861 binc
1264 3813 1388 3862 milii

314 3887 735 3950 demigrandum.
802 3885 951 3935 Abeo
975 3887 1185 3950 itaque;
1219 3890 1304 3937 vix
1334 3904 1389 3939 e-

318 3965 424 4013 nim
450 3963 573 4012 mihi
597 3971 939 4024 temperarem
978 3962 1063 4028 (ut
1102 3962 1249 4013 initio
1282 3979 1387 4014 mo·

318 4039 409 4089 nui
462 4040 790 4103 petulantem
833 4037 954 4086 mihi
1010 4039 1197 4088 lienem
1252 4038 1389 4103 esse)

317 4118 441 4184 quin
494 4116 710 4166 satirica
745 4115 987 4166 libertate
1020 4125 1198 4167 uterer
1232 4117 1284 4166 in
1313 4117 1391 4167 his

317 4196 538 4263 perinde
562 4210 625 4246 ac
648 4195 706 4245 in
729 4193 940 4245 ceteris.

1540 1076 1700 1125 Sec-uit
1725 1074 1960 1141 Lucilius]
1993 1078 2249 1141 ¹seipsum
2273 1077 2541 1143 redarguit

1474 1152 1714 1202 Persius:
1744 1155 1914 1209 Eccur
1931 1168 2051 1202 vero
2078 1154 2376 1203 discedam?
2399 1153 2539 1206 Quid

1474 1229 1696 1278 verebor
1718 1228 1908 1292 facere,
1928 1230 2063 1294 quod
2089 1238 2208 1278 ante
2233 1245 2312 1278 me
2333 1230 2419 1279 alii
2446 1231 2539 1279 im·

1474 1316 1611 1367 pune
1636 1303 1909 1355 feceruut?

1539 1380 1771 1444 Lucilius]
1837 1383 1896 1431 C.
1934 1382 2166 1435 Lucilius,
2186 1383 2377 1445 primus
2399 1383 2540 1446 apud

1475 1454 1726 1504 Romanos
1766 1456 1962 1505 Satin-as
1998 1457 2218 1519 scripsit.
2287 1457 2364 1507 Ac
2404 1458 2539 1509 sicut

1477 1530 1729 1580 Lucilium
1784 1530 2050 1593 Horatius,
2095 1534 2366 1583 Horatium
2412 1532 2539 1584 Per·

1475 1606 1600 1665 sius,
1624 1607 1751 1656 alios
1790 1623 1966 1658 omnes
2000 1610 2267 1660 Juvenalis
2308 1611 2538 1660 imitatus

1475 1688 1590 1743 est3
1640 1683 1713 1732 sic
1751 1685 1976 1733 Lucilius
2013 1693 2218 1734 secutus
2240 1683 2412 1735 fuerat
2436 1686 2539 1734 Ru·

1475 1758 1615 1807 nium
1638 1765 1694 1808 et
1716 1757 1950 1808 Accium.
2018 1761 2204 1810 Horat.
2240 1762 2350 1811 Sat.
2388 1776 2426 1810 r.
2455 1765 2536 1812 10.

1474 1834 1490 1862 ‘
1516 1834 1605 1883 Nil
1657 1835 1815 1883 comis
1863 1835 2064 1897 Tragici
2106 1842 2274 1886 mutat
2312 1836 2537 1887 Lucilius

1474 1907 1644 1957 Acci?
1696 1909 1743 1958 N
1751 1924 1817 1957 on
1856 1909 1991 1958 ridet
2024 1924 2199 1959 versus
2222 1908 2354 1959 Enni
2375 1910 2540 1975 gravi-

1474 1990 1583 2032 tate
1620 1984 1888 2034 minores?
1954 1986 2197 2035 Coaevum
2235 1986 2391 2037 fuisse
2431 1984 2541 2037 Sci·

1473 2060 1615 2124 pioni
1640 2060 1883 2111 Africano
1919 2070 2143 2111 testatur
2177 2063 2311 2113 idem
2348 2063 2537 2114 Horat.

1475 2138 1583 2188 Sat.
1607 2151 1671 2187 n.
1699 2144 1744 2187 1.
1771 2139 1858 2188 ubl
1883 2147 1937 2188 et
1960 2139 2081 2188 alibi
2110 2139 2294 2202 passim
2332 2141 2383 2190 in
2419 2141 2536 2190 Ser·

1472 2213 1710 2263 monibus
1760 2215 2014 2264 Lucilium
2059 2216 2224 2279 carpit
2263 2217 2539 2281 mordicus,

1476 2304 1763 2354 quanquam
1789 2305 1977 2354 magno
2015 2292 2126 2339 aliis
2165 2292 2215 2339 iu
2252 2292 2421 2355 pretio
2459 2292 2540 2342 fu·

1475 2365 1576 2415 isse
1601 2365 1857 2426 refertum
1909 2382 2005 2416 nec
2029 2382 2169 2416 suam
2208 2368 2306 2431 ipsi
2328 2369 2537 2420 landem

1475 2441 1706 2492 detrahit
1744 2444 1963 2496 Quintil.
2000 2443 2090 2493 lib.
2116 2456 2170 2494 x.
2240 2444 2408 2495 Natus
2448 2462 2537 2497 no-

1476 2517 1567 2566 bili
1603 2519 1721 2567 loco
1758 2533 1823 2567 ex
1867 2517 2077 2567 Arunca
2115 2517 2355 2569 Ausoniae
2387 2522 2536 2583 urbe,

1472 2608 1604 2643 anuo
1628 2606 1726 2643 uno
1747 2601 2024 2659 autequam
2048 2596 2253 2644 veniret
2276 2596 2536 2660 Carthago

1470 2671 1522 2717 in
1565 2671 1909 2720 Romanorum
1949 2678 2282 2735 potestatem.
2365 2673 2539 2737 Scrip-

1471 2748 1596 2797 sisse
1639 2747 1831 2797 dicitur
1877 2748 2159 2796 Satirarum
2204 2747 2359 2798 libros
2399 2749 2538 2812 plus-

1469 2840 1621 2890 quam
1677 2826 1918 2889 triginta:
1982 2833 2036 2876 at
2074 2836 2423 2891 pervenerunt
2467 2815 2535 2878 ad

1469 2915 1561 2948 nos
1583 2898 1874 2965 fragmenta
1907 2908 2107 2952 tantum
2142 2903 2357 2968 aliquot.
2423 2904 2536 2954 Cri·

1470 2975 1625 3025 nitus.

1539 3049 1733 3117 Urbem]
1799 3054 2012 3104 Romam
2054 3061 2109 3105 et
2148 3055 2532 3118 potentissimos

1469 3121 1815 3178 Romanorum
1898 3131 2145 3180 acerrime
2228 3131 2532 3182 insectatus.

1470 3204 1657 3254 Horat.
1682 3205 1787 3254 Sat.
1810 3219 1848 3255 1.
1874 3211 1949 3255 10.
1969 3208 1986 3233 ‘
2008 3206 2125 3255 Sale
2149 3207 2312 3256 multo
2333 3208 2532 3258 Urbem

1469 3279 1752 3331 defricuit.’
1839 3283 1908 3331 Et
1944 3282 2031 3331 lib.
2058 3296 2118 3331 11.
2153 3283 2260 3332 Sat.
2294 3286 2339 3333 1.
2376 3284 2393 3311 ‘
2419 3284 2533 3332 Pri·

1469 3370 1640 3405 mores
1695 3358 1873 3420 populi
1926 3358 2142 3421 arripuit
2186 3359 2530 3422 populumque

1469 3429 1742 3480 tributim!
1825 3434 2063 3483 Juvenal.
2106 3432 2213 3481 Sat.
2260 3446 2298 3482 ι.
2352 3433 2528 3482 ‘Ense

1467 3506 1613 3554 velut
1647 3507 1828 3556 stricto
1867 3508 2062 3570 quoties
2084 3507 2310 3556 Lucilius
2342 3507 2530 3557 ardens

1470 3580 1790 3632 Infremuit?

1535 3662 1629 3708 115
1670 3661 1753 3720 Te,
1775 3658 1933 3722 Lupe,-
1977 3663 2040 3717 te,
2062 3656 2221 3720 Muci]
2279 3658 2530 3708 Nomina·

1469 3735 1564 3784 tim
1605 3735 1764 3783 etiam
1807 3749 2024 3798 carpere
2069 3748 2219 3782 ausus
2265 3741 2349 3782 est
2392 3733 2530 3783 inter

1466 3812 1595 3861 alios
1618 3810 1820 3860 nobiles
1831 3811 1986 3870 viros,
2006 3810 2140 3859 Pub.
2161 3810 2409 3859 Rutilium
2429 3809 2529 3859 Luss·

1468 3902 1592 3950 pum
1612 3887 1904 3949 Consulem,
1927 3892 1982 3936 et
1996 3886 2167 3936 Titum
2190 3886 2417 3936 Mucium
2439 3885 2533 3936 Al-

1471 3963 1669 4012 butium
1713 3963 1862 4011 valde
1906 3969 2174 4026 potentem
2222 3962 2403 4020 virum,
2453 3962 2531 4011 his

1468 4039 1680 4103 quidem
1705 4038 1950 4102 versibus,
1985 4054 2112 4103 quos
2150 4040 2307 4090 etiam
2343 4039 2526 4089 Cicero

1471 4115 1625 4166 affert
1648 4117 1763 4167 Lib.
1789 4131 1827 4166 1.
1860 4117 1926 4166 de
1958 4118 2185 4169 Finibus.
2251 4117 2528 4167 ‘Graecum

1468 4200 1544 4257 te,
1557 4192 1764 4259 Albuti,
1784 4183 1934 4260 quam
1957 4195 2240 4245 Romanum
2258 4200 2416 4259 atque
2435 4191 2530 4241 Sa-
